timestamp	timestamp_ms	bid	ask	spread_points	spread_price	volume	flags	last
2025.06.23 13:04:48	1750683888814	101482.37	101514.13	3176.0	31.76	0.00	6	0.00
2025.06.23 13:05:00	1750683900032	101482.37	101514.13	3176.0	31.76	0.00	2	0.00
2025.06.23 13:05:00	1750683900701	101477.67	101509.43	3176.0	31.76	0.00	6	0.00
2025.06.23 13:05:02	1750683902672	101472.27	101504.03	3176.0	31.76	0.00	6	0.00
2025.06.23 13:05:11	1750683911585	101478.67	101510.43	3176.0	31.76	0.00	6	0.00
2025.06.23 13:05:11	1750683911602	101479.47	101511.23	3176.0	31.76	0.00	6	0.00
2025.06.23 13:05:21	1750683921157	101472.17	101503.93	3176.0	31.76	0.00	6	0.00
2025.06.23 13:05:23	1750683923468	101463.77	101495.73	3196.0	31.96	0.00	6	0.00
2025.06.23 13:05:23	1750683923528	101463.77	101495.53	3176.0	31.76	0.00	4	0.00
2025.06.23 13:05:23	1750683923797	101462.17	101493.93	3176.0	31.76	0.00	6	0.00
2025.06.23 13:05:25	1750683925866	101455.27	101487.03	3176.0	31.76	0.00	6	0.00
2025.06.23 13:05:31	1750683931389	101463.57	101497.38	3381.0	33.81	0.00	6	0.00
2025.06.23 13:05:31	1750683931468	101469.77	101501.53	3176.0	31.76	0.00	6	0.00
2025.06.23 13:05:31	1750683931711	101472.27	101504.03	3176.0	31.76	0.00	6	0.00
2025.06.23 13:05:34	1750683934025	101472.37	101504.13	3176.0	31.76	0.00	6	0.00
2025.06.23 13:05:34	1750683934354	101477.47	101509.23	3176.0	31.76	0.00	6	0.00
2025.06.23 13:05:38	1750683938313	101473.97	101505.73	3176.0	31.76	0.00	6	0.00
2025.06.23 13:05:39	1750683939308	101469.17	101500.93	3176.0	31.76	0.00	6	0.00
2025.06.23 13:05:40	1750683940624	101463.67	101495.43	3176.0	31.76	0.00	6	0.00
2025.06.23 13:05:42	1750683942599	101469.07	101500.83	3176.0	31.76	0.00	6	0.00
2025.06.23 13:05:42	1750683942930	101475.67	101507.43	3176.0	31.76	0.00	6	0.00
2025.06.23 13:05:44	1750683944937	101477.47	101509.23	3176.0	31.76	0.00	6	0.00
2025.06.23 13:05:50	1750683950518	101472.87	101504.63	3176.0	31.76	0.00	6	0.00
2025.06.23 13:05:52	1750683952176	101468.87	101500.63	3176.0	31.76	0.00	6	0.00
2025.06.23 13:06:00	1750683960094	101468.87	101500.63	3176.0	31.76	0.00	2	0.00
2025.06.23 13:06:11	1750683971027	101468.77	101500.53	3176.0	31.76	0.00	6	0.00
2025.06.23 13:06:34	1750683994089	101475.17	101506.93	3176.0	31.76	0.00	6	0.00
2025.06.23 13:06:35	1750683995115	101484.17	101516.11	3194.0	31.94	0.00	6	0.00
2025.06.23 13:06:35	1750683995410	101487.17	101519.82	3265.0	32.65	0.00	6	0.00
2025.06.23 13:06:35	1750683995422	101495.17	101529.63	3446.0	34.46	0.00	6	0.00
2025.06.23 13:06:35	1750683995734	101498.07	101529.83	3176.0	31.76	0.00	6	0.00
2025.06.23 13:06:35	1750683995737	101503.67	101535.43	3176.0	31.76	0.00	6	0.00
2025.06.23 13:06:36	1750683996399	101504.07	101535.83	3176.0	31.76	0.00	6	0.00
2025.06.23 13:06:46	1750684006300	101503.97	101535.73	3176.0	31.76	0.00	6	0.00
2025.06.23 13:07:00	1750684020154	101503.97	101535.73	3176.0	31.76	0.00	2	0.00
2025.06.23 13:07:12	1750684032033	101506.07	101537.83	3176.0	31.76	0.00	6	0.00
2025.06.23 13:07:12	1750684032112	101514.27	101548.64	3437.0	34.37	0.00	6	0.00
2025.06.23 13:07:12	1750684032363	101517.97	101549.73	3176.0	31.76	0.00	6	0.00
2025.06.23 13:07:12	1750684032704	101517.57	101549.33	3176.0	31.76	0.00	6	0.00
2025.06.23 13:07:13	1750684033352	101513.87	101545.63	3176.0	31.76	0.00	6	0.00
2025.06.23 13:07:14	1750684034441	101509.77	101541.53	3176.0	31.76	0.00	6	0.00
2025.06.23 13:07:16	1750684036000	101507.47	101539.23	3176.0	31.76	0.00	6	0.00
2025.06.23 13:07:20	1750684040973	101514.57	101546.33	3176.0	31.76	0.00	6	0.00
2025.06.23 13:07:24	1750684044242	101516.97	101549.39	3242.0	32.42	0.00	6	0.00
2025.06.23 13:07:24	1750684044265	101517.67	101549.43	3176.0	31.76	0.00	6	0.00
2025.06.23 13:07:25	1750684045569	101523.77	101555.53	3176.0	31.76	0.00	6	0.00
2025.06.23 13:07:27	1750684047299	101528.87	101560.63	3176.0	31.76	0.00	6	0.00
2025.06.23 13:07:28	1750684048535	101531.67	101563.43	3176.0	31.76	0.00	6	0.00
2025.06.23 13:07:35	1750684055888	101519.97	101551.73	3176.0	31.76	0.00	6	0.00
2025.06.23 13:07:38	1750684058102	101513.47	101545.23	3176.0	31.76	0.00	6	0.00
2025.06.23 13:07:41	1750684061083	101513.37	101545.13	3176.0	31.76	0.00	6	0.00
2025.06.23 13:07:48	1750684068331	101507.30	101541.33	3403.0	34.03	0.00	6	0.00
2025.06.23 13:07:48	1750684068338	101500.17	101531.93	3176.0	31.76	0.00	6	0.00
2025.06.23 13:07:48	1750684068664	101498.17	101529.93	3176.0	31.76	0.00	6	0.00
2025.06.23 13:07:56	1750684076912	101493.57	101525.33	3176.0	31.76	0.00	6	0.00
2025.06.23 13:07:57	1750684077909	101491.27	101523.03	3176.0	31.76	0.00	6	0.00
2025.06.23 13:07:58	1750684078240	101484.25	101517.23	3298.0	32.98	0.00	6	0.00
2025.06.23 13:07:58	1750684078561	101485.07	101516.83	3176.0	31.76	0.00	6	0.00
2025.06.23 13:07:58	1750684078630	101481.87	101513.63	3176.0	31.76	0.00	6	0.00
2025.06.23 13:07:58	1750684078900	101478.17	101509.93	3176.0	31.76	0.00	6	0.00
2025.06.23 13:07:59	1750684079229	101474.37	101506.13	3176.0	31.76	0.00	6	0.00
2025.06.23 13:08:00	1750684080239	101474.37	101506.13	3176.0	31.76	0.00	2	0.00
2025.06.23 13:08:00	1750684080273	101468.57	101500.33	3176.0	31.76	0.00	6	0.00
2025.06.23 13:08:00	1750684080543	101468.37	101500.13	3176.0	31.76	0.00	6	0.00
2025.06.23 13:08:01	1750684081204	101464.47	101496.23	3176.0	31.76	0.00	6	0.00
2025.06.23 13:08:04	1750684084173	101463.49	101496.23	3274.0	32.74	0.00	2	0.00
2025.06.23 13:08:04	1750684084256	101454.67	101486.43	3176.0	31.76	0.00	6	0.00
2025.06.23 13:08:11	1750684091107	101456.67	101489.03	3236.0	32.36	0.00	6	0.00
2025.06.23 13:08:11	1750684091221	101463.67	101495.43	3176.0	31.76	0.00	6	0.00
2025.06.23 13:08:11	1750684091768	101464.47	101496.46	3199.0	31.99	0.00	6	0.00
2025.06.23 13:08:12	1750684092419	101464.47	101496.47	3200.0	32.00	0.00	4	0.00
2025.06.23 13:08:12	1750684092507	101464.47	101496.46	3199.0	31.99	0.00	4	0.00
2025.06.23 13:08:13	1750684093087	101464.47	101496.23	3176.0	31.76	0.00	4	0.00
2025.06.23 13:08:13	1750684093110	101464.47	101496.45	3198.0	31.98	0.00	4	0.00
2025.06.23 13:08:13	1750684093411	101464.47	101496.46	3199.0	31.99	0.00	4	0.00
2025.06.23 13:08:13	1750684093417	101464.47	101496.45	3198.0	31.98	0.00	4	0.00
2025.06.23 13:08:13	1750684093811	101464.47	101496.44	3197.0	31.97	0.00	4	0.00
2025.06.23 13:08:14	1750684094069	101464.47	101496.23	3176.0	31.76	0.00	4	0.00
2025.06.23 13:08:15	1750684095057	101467.97	101500.52	3255.0	32.55	0.00	6	0.00
2025.06.23 13:08:15	1750684095059	101472.67	101504.43	3176.0	31.76	0.00	6	0.00
2025.06.23 13:08:20	1750684100673	101464.38	101499.13	3475.0	34.75	0.00	6	0.00
2025.06.23 13:08:20	1750684100790	101467.37	101499.13	3176.0	31.76	0.00	2	0.00
2025.06.23 13:08:21	1750684101084	101464.17	101495.93	3176.0	31.76	0.00	6	0.00
2025.06.23 13:08:22	1750684102650	101451.72	101486.13	3441.0	34.41	0.00	6	0.00
2025.06.23 13:08:22	1750684102725	101448.47	101480.23	3176.0	31.76	0.00	6	0.00
2025.06.23 13:08:22	1750684102986	101448.38	101480.23	3185.0	31.85	0.00	2	0.00
2025.06.23 13:08:23	1750684103024	101446.22	101478.83	3261.0	32.61	0.00	6	0.00
2025.06.23 13:08:23	1750684103318	101446.50	101478.83	3233.0	32.33	0.00	2	0.00
2025.06.23 13:08:23	1750684103329	101440.87	101472.63	3176.0	31.76	0.00	6	0.00
2025.06.23 13:08:28	1750684108591	101438.77	101470.53	3176.0	31.76	0.00	6	0.00
2025.06.23 13:08:34	1750684114556	101434.17	101465.93	3176.0	31.76	0.00	6	0.00
2025.06.23 13:08:41	1750684121790	101420.37	101452.13	3176.0	31.76	0.00	6	0.00
2025.06.23 13:08:43	1750684123438	101420.17	101451.93	3176.0	31.76	0.00	6	0.00
2025.06.23 13:08:43	1750684123501	101374.07	101405.83	3176.0	31.76	0.00	6	0.00
2025.06.23 13:08:43	1750684123824	101365.17	101397.83	3266.0	32.66	0.00	6	0.00
2025.06.23 13:08:44	1750684124113	101361.56	101393.83	3227.0	32.27	0.00	6	0.00
2025.06.23 13:08:44	1750684124117	101361.87	101393.83	3196.0	31.96	0.00	2	0.00
2025.06.23 13:08:44	1750684124437	101354.27	101386.03	3176.0	31.76	0.00	6	0.00
2025.06.23 13:08:44	1750684124762	101351.02	101385.43	3441.0	34.41	0.00	6	0.00
2025.06.23 13:08:44	1750684124820	101352.47	101384.23	3176.0	31.76	0.00	6	0.00
2025.06.23 13:08:45	1750684125096	101350.97	101382.73	3176.0	31.76	0.00	6	0.00
2025.06.23 13:08:45	1750684125752	101353.67	101386.02	3235.0	32.35	0.00	6	0.00
2025.06.23 13:08:45	1750684125833	101363.77	101395.53	3176.0	31.76	0.00	6	0.00
2025.06.23 13:08:46	1750684126092	101375.57	101408.80	3323.0	33.23	0.00	6	0.00
2025.06.23 13:08:46	1750684126155	101375.57	101407.33	3176.0	31.76	0.00	4	0.00
2025.06.23 13:08:46	1750684126746	101381.07	101415.18	3411.0	34.11	0.00	6	0.00
2025.06.23 13:08:47	1750684127079	101390.17	101421.93	3176.0	31.76	0.00	6	0.00
2025.06.23 13:08:49	1750684129379	101386.87	101418.63	3176.0	31.76	0.00	6	0.00
2025.06.23 13:08:54	1750684134711	101380.87	101412.63	3176.0	31.76	0.00	6	0.00
2025.06.23 13:08:55	1750684135011	101380.65	101412.63	3198.0	31.98	0.00	2	0.00
2025.06.23 13:08:55	1750684135325	101377.37	101409.13	3176.0	31.76	0.00	6	0.00
2025.06.23 13:08:55	1750684135656	101371.57	101403.33	3176.0	31.76	0.00	6	0.00
2025.06.23 13:08:55	1750684135986	101368.15	101403.33	3518.0	35.18	0.00	2	0.00
2025.06.23 13:08:56	1750684136042	101366.57	101398.33	3176.0	31.76	0.00	6	0.00
2025.06.23 13:09:00	1750684140106	101366.57	101398.33	3176.0	31.76	0.00	2	0.00
2025.06.23 13:09:01	1750684141941	101371.57	101403.38	3181.0	31.81	0.00	6	0.00
2025.06.23 13:09:01	1750684141946	101375.57	101407.33	3176.0	31.76	0.00	6	0.00
2025.06.23 13:09:02	1750684142253	101379.07	101410.83	3176.0	31.76	0.00	6	0.00
2025.06.23 13:09:03	1750684143901	101384.07	101415.83	3176.0	31.76	0.00	6	0.00
2025.06.23 13:09:05	1750684145609	101388.27	101421.70	3343.0	33.43	0.00	6	0.00
2025.06.23 13:09:05	1750684145884	101389.17	101421.50	3233.0	32.33	0.00	6	0.00
2025.06.23 13:09:05	1750684145910	101395.27	101427.03	3176.0	31.76	0.00	6	0.00
2025.06.23 13:09:22	1750684162470	101399.27	101431.89	3262.0	32.62	0.00	6	0.00
2025.06.23 13:09:22	1750684162721	101400.97	101432.73	3176.0	31.76	0.00	6	0.00
2025.06.23 13:09:26	1750684166017	101405.57	101437.33	3176.0	31.76	0.00	6	0.00
2025.06.23 13:09:31	1750684171294	101400.98	101432.83	3185.0	31.85	0.00	6	0.00
2025.06.23 13:09:31	1750684171330	101395.67	101427.43	3176.0	31.76	0.00	6	0.00
2025.06.23 13:09:31	1750684171626	101395.27	101427.03	3176.0	31.76	0.00	6	0.00
2025.06.23 13:09:31	1750684171645	101395.17	101426.93	3176.0	31.76	0.00	6	0.00
2025.06.23 13:09:32	1750684172294	101386.60	101420.03	3343.0	33.43	0.00	6	0.00
2025.06.23 13:09:32	1750684172440	101386.54	101420.03	3349.0	33.49	0.00	2	0.00
2025.06.23 13:09:32	1750684172616	101386.56	101420.03	3347.0	33.47	0.00	2	0.00
2025.06.23 13:09:32	1750684172661	101384.21	101417.23	3302.0	33.02	0.00	6	0.00
2025.06.23 13:09:32	1750684172941	101384.26	101417.23	3297.0	32.97	0.00	2	0.00
2025.06.23 13:09:32	1750684172958	101384.17	101415.93	3176.0	31.76	0.00	6	0.00
2025.06.23 13:09:33	1750684173273	101376.47	101408.23	3176.0	31.76	0.00	6	0.00
2025.06.23 13:09:34	1750684174594	101371.97	101403.73	3176.0	31.76	0.00	6	0.00
2025.06.23 13:09:34	1750684174664	101367.17	101398.93	3176.0	31.76	0.00	6	0.00
2025.06.23 13:09:37	1750684177239	101371.97	101403.73	3176.0	31.76	0.00	6	0.00
2025.06.23 13:09:38	1750684178268	101375.27	101408.51	3324.0	33.24	0.00	6	0.00
2025.06.23 13:09:38	1750684178554	101379.07	101410.83	3176.0	31.76	0.00	6	0.00
2025.06.23 13:09:39	1750684179584	101368.87	101400.63	3176.0	31.76	0.00	6	0.00
2025.06.23 13:09:45	1750684185151	101372.97	101404.73	3176.0	31.76	0.00	6	0.00
2025.06.23 13:09:45	1750684185189	101376.57	101408.33	3176.0	31.76	0.00	6	0.00
2025.06.23 13:09:48	1750684188127	101381.07	101412.83	3176.0	31.76	0.00	6	0.00
2025.06.23 13:09:51	1750684191429	101385.57	101417.33	3176.0	31.76	0.00	6	0.00
2025.06.23 13:10:00	1750684200007	101385.57	101417.33	3176.0	31.76	0.00	2	0.00
2025.06.23 13:10:01	1750684201985	101380.47	101412.23	3176.0	31.76	0.00	6	0.00
2025.06.23 13:10:02	1750684202035	101374.61	101408.73	3412.0	34.12	0.00	6	0.00
2025.06.23 13:10:02	1750684202323	101376.87	101408.63	3176.0	31.76	0.00	6	0.00
2025.06.23 13:10:02	1750684202971	101374.47	101406.23	3176.0	31.76	0.00	6	0.00
2025.06.23 13:10:03	1750684203050	101369.57	101401.33	3176.0	31.76	0.00	6	0.00
2025.06.23 13:10:03	1750684203981	101362.77	101394.53	3176.0	31.76	0.00	6	0.00
2025.06.23 13:10:05	1750684205941	101372.97	101404.73	3176.0	31.76	0.00	6	0.00
2025.06.23 13:10:06	1750684206008	101374.17	101405.93	3176.0	31.76	0.00	6	0.00
2025.06.23 13:10:06	1750684206272	101369.27	101401.03	3176.0	31.76	0.00	6	0.00
2025.06.23 13:10:09	1750684209988	101369.47	101401.23	3176.0	31.76	0.00	6	0.00
2025.06.23 13:10:15	1750684215182	101364.17	101395.93	3176.0	31.76	0.00	6	0.00
2025.06.23 13:10:15	1750684215301	101361.87	101393.63	3176.0	31.76	0.00	6	0.00
2025.06.23 13:10:17	1750684217163	101364.07	101395.83	3176.0	31.76	0.00	6	0.00
2025.06.23 13:10:18	1750684218153	101369.47	101401.23	3176.0	31.76	0.00	6	0.00
2025.06.23 13:10:18	1750684218816	101374.17	101405.93	3176.0	31.76	0.00	6	0.00
2025.06.23 13:10:22	1750684222188	101324.07	101355.83	3176.0	31.76	0.00	6	0.00
2025.06.23 13:10:22	1750684222446	101320.57	101352.33	3176.0	31.76	0.00	6	0.00
2025.06.23 13:10:22	1750684222499	101321.17	101354.73	3356.0	33.56	0.00	6	0.00
2025.06.23 13:10:22	1750684222770	101324.07	101355.83	3176.0	31.76	0.00	6	0.00
2025.06.23 13:10:22	1750684222921	101332.87	101364.63	3176.0	31.76	0.00	6	0.00
2025.06.23 13:10:23	1750684223102	101339.77	101375.30	3553.0	35.53	0.00	6	0.00
2025.06.23 13:10:23	1750684223210	101343.77	101375.53	3176.0	31.76	0.00	6	0.00
2025.06.23 13:10:23	1750684223762	101341.07	101372.83	3176.0	31.76	0.00	6	0.00
2025.06.23 13:10:24	1750684224094	101337.87	101369.63	3176.0	31.76	0.00	6	0.00
2025.06.23 13:10:24	1750684224427	101326.07	101357.83	3176.0	31.76	0.00	6	0.00
2025.06.23 13:10:24	1750684224759	101324.07	101355.83	3176.0	31.76	0.00	6	0.00
2025.06.23 13:10:25	1750684225446	101319.17	101350.93	3176.0	31.76	0.00	6	0.00
2025.06.23 13:10:25	1750684225748	101309.27	101341.03	3176.0	31.76	0.00	6	0.00
2025.06.23 13:10:26	1750684226404	101304.27	101336.03	3176.0	31.76	0.00	6	0.00
2025.06.23 13:10:26	1750684226468	101299.87	101331.63	3176.0	31.76	0.00	6	0.00
2025.06.23 13:10:27	1750684227721	101295.97	101327.73	3176.0	31.76	0.00	6	0.00
2025.06.23 13:10:28	1750684228050	101296.17	101328.99	3282.0	32.82	0.00	6	0.00
2025.06.23 13:10:28	1750684228071	101297.37	101329.13	3176.0	31.76	0.00	6	0.00
2025.06.23 13:10:29	1750684229398	101297.77	101329.80	3203.0	32.03	0.00	6	0.00
2025.06.23 13:10:29	1750684229703	101313.77	101345.53	3176.0	31.76	0.00	6	0.00
2025.06.23 13:10:31	1750684231027	101317.77	101349.53	3176.0	31.76	0.00	6	0.00
2025.06.23 13:10:31	1750684231028	101322.07	101353.83	3176.0	31.76	0.00	6	0.00
2025.06.23 13:10:31	1750684231352	101326.57	101358.33	3176.0	31.76	0.00	6	0.00
2025.06.23 13:10:31	1750684231725	101326.57	101360.43	3386.0	33.86	0.00	4	0.00
2025.06.23 13:10:32	1750684232012	101333.87	101365.63	3176.0	31.76	0.00	6	0.00
2025.06.23 13:10:33	1750684233666	101339.07	101370.83	3176.0	31.76	0.00	6	0.00
2025.06.23 13:10:35	1750684235309	101340.07	101371.83	3176.0	31.76	0.00	6	0.00
2025.06.23 13:10:35	1750684235383	101340.07	101373.33	3326.0	33.26	0.00	4	0.00
2025.06.23 13:10:35	1750684235644	101340.07	101371.83	3176.0	31.76	0.00	4	0.00
2025.06.23 13:10:36	1750684236022	101345.47	101377.80	3233.0	32.33	0.00	6	0.00
2025.06.23 13:10:36	1750684236304	101351.57	101383.33	3176.0	31.76	0.00	6	0.00
2025.06.23 13:10:36	1750684236309	101352.47	101384.23	3176.0	31.76	0.00	6	0.00
2025.06.23 13:10:40	1750684240997	101359.97	101391.73	3176.0	31.76	0.00	6	0.00
2025.06.23 13:10:41	1750684241256	101361.77	101393.53	3176.0	31.76	0.00	6	0.00
2025.06.23 13:10:43	1750684243234	101352.87	101384.63	3176.0	31.76	0.00	6	0.00
2025.06.23 13:10:43	1750684243572	101358.07	101390.54	3247.0	32.47	0.00	6	0.00
2025.06.23 13:10:43	1750684243898	101358.07	101389.83	3176.0	31.76	0.00	4	0.00
2025.06.23 13:10:44	1750684244884	101363.07	101394.83	3176.0	31.76	0.00	6	0.00
2025.06.23 13:10:45	1750684245537	101364.97	101396.73	3176.0	31.76	0.00	6	0.00
2025.06.23 13:10:45	1750684245873	101364.97	101396.89	3192.0	31.92	0.00	4	0.00
2025.06.23 13:10:46	1750684246201	101364.97	101396.90	3193.0	31.93	0.00	4	0.00
2025.06.23 13:10:46	1750684246204	101364.97	101396.73	3176.0	31.76	0.00	4	0.00
2025.06.23 13:10:46	1750684246531	101364.97	101396.90	3193.0	31.93	0.00	4	0.00
2025.06.23 13:10:46	1750684246859	101364.97	101396.73	3176.0	31.76	0.00	4	0.00
2025.06.23 13:10:47	1750684247526	101365.17	101396.93	3176.0	31.76	0.00	6	0.00
2025.06.23 13:10:47	1750684247852	101378.17	101409.93	3176.0	31.76	0.00	6	0.00
2025.06.23 13:10:52	1750684252138	101369.20	101402.93	3373.0	33.73	0.00	6	0.00
2025.06.23 13:10:52	1750684252214	101366.07	101397.83	3176.0	31.76	0.00	6	0.00
2025.06.23 13:10:52	1750684252478	101359.27	101391.03	3176.0	31.76	0.00	6	0.00
2025.06.23 13:10:54	1750684254781	101359.25	101391.03	3178.0	31.78	0.00	2	0.00
2025.06.23 13:10:54	1750684254838	101358.67	101390.43	3176.0	31.76	0.00	6	0.00
2025.06.23 13:10:55	1750684255122	101351.37	101383.13	3176.0	31.76	0.00	6	0.00
2025.06.23 13:11:00	1750684260061	101351.37	101383.13	3176.0	31.76	0.00	2	0.00
2025.06.23 13:11:00	1750684260397	101349.87	101381.63	3176.0	31.76	0.00	6	0.00
2025.06.23 13:11:04	1750684264735	101349.87	101381.66	3179.0	31.79	0.00	4	0.00
2025.06.23 13:11:05	1750684265016	101349.87	101381.96	3209.0	32.09	0.00	4	0.00
2025.06.23 13:11:05	1750684265345	101349.87	101381.63	3176.0	31.76	0.00	4	0.00
2025.06.23 13:11:06	1750684266008	101351.57	101383.33	3176.0	31.76	0.00	6	0.00
2025.06.23 13:11:07	1750684267323	101356.87	101388.63	3176.0	31.76	0.00	6	0.00
2025.06.23 13:11:47	1750684307254	101356.77	101388.53	3176.0	31.76	0.00	6	0.00
2025.06.23 13:11:56	1750684316818	101356.67	101388.43	3176.0	31.76	0.00	6	0.00
2025.06.23 13:11:58	1750684318143	101347.77	101379.53	3176.0	31.76	0.00	6	0.00
2025.06.23 13:12:00	1750684320120	101347.77	101379.53	3176.0	31.76	0.00	2	0.00
2025.06.23 13:12:02	1750684322149	101350.87	101382.91	3204.0	32.04	0.00	6	0.00
2025.06.23 13:12:02	1750684322433	101356.67	101388.43	3176.0	31.76	0.00	6	0.00
2025.06.23 13:12:03	1750684323769	101361.27	101395.46	3419.0	34.19	0.00	6	0.00
2025.06.23 13:12:04	1750684324087	101370.07	101405.82	3575.0	35.75	0.00	6	0.00
2025.06.23 13:12:04	1750684324093	101381.17	101413.03	3186.0	31.86	0.00	6	0.00
2025.06.23 13:12:04	1750684324417	101385.37	101417.32	3195.0	31.95	0.00	6	0.00
2025.06.23 13:12:04	1750684324493	101389.27	101423.63	3436.0	34.36	0.00	6	0.00
2025.06.23 13:12:04	1750684324743	101397.57	101435.60	3803.0	38.03	0.00	6	0.00
2025.06.23 13:12:04	1750684324800	101401.97	101434.97	3300.0	33.00	0.00	6	0.00
2025.06.23 13:12:05	1750684325076	101405.07	101437.23	3216.0	32.16	0.00	6	0.00
2025.06.23 13:12:05	1750684325079	101405.47	101437.23	3176.0	31.76	0.00	2	0.00
2025.06.23 13:12:06	1750684326407	101405.67	101437.65	3198.0	31.98	0.00	6	0.00
2025.06.23 13:12:06	1750684326723	101405.67	101437.43	3176.0	31.76	0.00	4	0.00
2025.06.23 13:12:07	1750684327401	101405.67	101437.64	3197.0	31.97	0.00	4	0.00
2025.06.23 13:12:07	1750684327711	101409.47	101441.23	3176.0	31.76	0.00	6	0.00
2025.06.23 13:12:08	1750684328049	101418.27	101450.03	3176.0	31.76	0.00	6	0.00
2025.06.23 13:12:08	1750684328743	101426.97	101458.73	3176.0	31.76	0.00	6	0.00
2025.06.23 13:12:09	1750684329699	101429.07	101460.83	3176.0	31.76	0.00	6	0.00
2025.06.23 13:12:09	1750684329747	101432.27	101465.49	3322.0	33.22	0.00	6	0.00
2025.06.23 13:12:10	1750684330025	101433.77	101465.53	3176.0	31.76	0.00	6	0.00
2025.06.23 13:12:10	1750684330360	101436.07	101467.83	3176.0	31.76	0.00	6	0.00
2025.06.23 13:12:10	1750684330384	101436.37	101470.24	3387.0	33.87	0.00	6	0.00
2025.06.23 13:12:10	1750684330686	101443.67	101477.21	3354.0	33.54	0.00	6	0.00
2025.06.23 13:12:10	1750684330794	101443.67	101477.20	3353.0	33.53	0.00	4	0.00
2025.06.23 13:12:11	1750684331019	101445.57	101477.33	3176.0	31.76	0.00	6	0.00
2025.06.23 13:12:11	1750684331346	101458.47	101490.23	3176.0	31.76	0.00	6	0.00
2025.06.23 13:12:11	1750684331376	101462.67	101494.43	3176.0	31.76	0.00	6	0.00
2025.06.23 13:12:11	1750684331680	101464.07	101495.83	3176.0	31.76	0.00	6	0.00
2025.06.23 13:12:12	1750684332003	101465.47	101497.38	3191.0	31.91	0.00	6	0.00
2025.06.23 13:12:12	1750684332069	101465.47	101497.26	3179.0	31.79	0.00	4	0.00
2025.06.23 13:12:12	1750684332337	101471.47	101503.23	3176.0	31.76	0.00	6	0.00
2025.06.23 13:12:13	1750684333327	101472.07	101503.83	3176.0	31.76	0.00	6	0.00
2025.06.23 13:12:13	1750684333400	101471.47	101503.23	3176.0	31.76	0.00	6	0.00
2025.06.23 13:12:14	1750684334641	101465.47	101497.23	3176.0	31.76	0.00	6	0.00
2025.06.23 13:12:15	1750684335042	101462.47	101494.23	3176.0	31.76	0.00	6	0.00
2025.06.23 13:12:15	1750684335960	101461.77	101493.53	3176.0	31.76	0.00	6	0.00
2025.06.23 13:12:17	1750684337947	101461.67	101493.43	3176.0	31.76	0.00	6	0.00
2025.06.23 13:12:18	1750684338933	101453.47	101485.33	3186.0	31.86	0.00	6	0.00
2025.06.23 13:12:19	1750684339005	101453.47	101485.23	3176.0	31.76	0.00	4	0.00
2025.06.23 13:12:19	1750684339922	101453.47	101485.33	3186.0	31.86	0.00	4	0.00
2025.06.23 13:12:19	1750684339998	101457.57	101489.33	3176.0	31.76	0.00	6	0.00
2025.06.23 13:12:20	1750684340593	101461.47	101493.33	3186.0	31.86	0.00	6	0.00
2025.06.23 13:12:20	1750684340624	101461.57	101493.33	3176.0	31.76	0.00	2	0.00
2025.06.23 13:12:20	1750684340913	101466.27	101498.86	3259.0	32.59	0.00	6	0.00
2025.06.23 13:12:20	1750684340913	101466.27	101498.03	3176.0	31.76	0.00	4	0.00
2025.06.23 13:12:21	1750684341317	101453.37	101485.13	3176.0	31.76	0.00	6	0.00
2025.06.23 13:12:22	1750684342889	101452.67	101484.43	3176.0	31.76	0.00	6	0.00
2025.06.23 13:12:30	1750684350153	101448.17	101479.93	3176.0	31.76	0.00	6	0.00
2025.06.23 13:12:32	1750684352839	101441.19	101474.43	3324.0	33.24	0.00	6	0.00
2025.06.23 13:12:33	1750684353130	101439.51	101472.23	3272.0	32.72	0.00	6	0.00
2025.06.23 13:12:33	1750684353142	101440.47	101472.23	3176.0	31.76	0.00	2	0.00
2025.06.23 13:12:33	1750684353552	101433.07	101464.83	3176.0	31.76	0.00	6	0.00
2025.06.23 13:12:34	1750684354156	101427.17	101458.93	3176.0	31.76	0.00	6	0.00
2025.06.23 13:12:34	1750684354446	101425.67	101457.43	3176.0	31.76	0.00	6	0.00
2025.06.23 13:12:41	1750684361704	101433.07	101464.83	3176.0	31.76	0.00	6	0.00
2025.06.23 13:12:47	1750684367309	101445.77	101479.85	3408.0	34.08	0.00	6	0.00
2025.06.23 13:12:47	1750684367399	101448.07	101479.83	3176.0	31.76	0.00	6	0.00
2025.06.23 13:12:48	1750684368632	101433.27	101465.03	3176.0	31.76	0.00	6	0.00
2025.06.23 13:12:59	1750684379854	101433.27	101465.06	3179.0	31.79	0.00	4	0.00
2025.06.23 13:13:00	1750684380185	101439.07	101470.83	3176.0	31.76	0.00	6	0.00
2025.06.23 13:13:00	1750684380230	101446.07	101477.83	3176.0	31.76	0.00	6	0.00
2025.06.23 13:13:04	1750684384142	101439.07	101470.83	3176.0	31.76	0.00	6	0.00
2025.06.23 13:13:04	1750684384210	101434.41	101466.33	3192.0	31.92	0.00	6	0.00
2025.06.23 13:13:04	1750684384473	101434.27	101466.03	3176.0	31.76	0.00	6	0.00
2025.06.23 13:13:04	1750684384512	101428.34	101461.43	3309.0	33.09	0.00	6	0.00
2025.06.23 13:13:04	1750684384809	101427.17	101458.93	3176.0	31.76	0.00	6	0.00
2025.06.23 13:13:06	1750684386128	101419.77	101451.53	3176.0	31.76	0.00	6	0.00
2025.06.23 13:13:07	1750684387767	101409.87	101441.63	3176.0	31.76	0.00	6	0.00
2025.06.23 13:13:09	1750684389423	101407.05	101439.23	3218.0	32.18	0.00	6	0.00
2025.06.23 13:13:09	1750684389481	101407.47	101439.23	3176.0	31.76	0.00	2	0.00
2025.06.23 13:13:09	1750684389793	101405.46	101437.33	3187.0	31.87	0.00	6	0.00
2025.06.23 13:13:10	1750684390084	101405.57	101437.33	3176.0	31.76	0.00	2	0.00
2025.06.23 13:13:23	1750684403279	101403.17	101434.93	3176.0	31.76	0.00	6	0.00
2025.06.23 13:13:23	1750684403351	101402.97	101434.73	3176.0	31.76	0.00	6	0.00
2025.06.23 13:13:24	1750684404275	101402.82	101434.73	3191.0	31.91	0.00	2	0.00
2025.06.23 13:13:24	1750684404603	101402.80	101434.73	3193.0	31.93	0.00	2	0.00
2025.06.23 13:13:24	1750684404688	101402.97	101434.73	3176.0	31.76	0.00	2	0.00
2025.06.23 13:13:38	1750684418179	101398.83	101431.23	3240.0	32.40	0.00	6	0.00
2025.06.23 13:13:38	1750684418463	101398.66	101431.23	3257.0	32.57	0.00	2	0.00
2025.06.23 13:13:38	1750684418475	101398.64	101431.23	3259.0	32.59	0.00	2	0.00
2025.06.23 13:13:38	1750684418796	101399.47	101431.23	3176.0	31.76	0.00	2	0.00
2025.06.23 13:14:00	1750684440250	101399.47	101431.23	3176.0	31.76	0.00	2	0.00
2025.06.23 13:14:05	1750684445851	101391.27	101423.03	3176.0	31.76	0.00	6	0.00
2025.06.23 13:14:06	1750684446012	101391.00	101423.03	3203.0	32.03	0.00	2	0.00
2025.06.23 13:14:06	1750684446188	101391.27	101423.03	3176.0	31.76	0.00	2	0.00
2025.06.23 13:14:09	1750684449889	101399.47	101431.23	3176.0	31.76	0.00	6	0.00
2025.06.23 13:14:10	1750684450808	101402.07	101433.83	3176.0	31.76	0.00	6	0.00
2025.06.23 13:14:38	1750684478193	101410.07	101441.83	3176.0	31.76	0.00	6	0.00
2025.06.23 13:14:38	1750684478285	101419.67	101451.43	3176.0	31.76	0.00	6	0.00
2025.06.23 13:14:38	1750684478520	101426.57	101458.33	3176.0	31.76	0.00	6	0.00
2025.06.23 13:14:38	1750684478681	101432.57	101464.33	3176.0	31.76	0.00	6	0.00
2025.06.23 13:14:39	1750684479188	101433.97	101465.73	3176.0	31.76	0.00	6	0.00
2025.06.23 13:14:39	1750684479196	101440.37	101473.00	3263.0	32.63	0.00	6	0.00
2025.06.23 13:14:39	1750684479515	101440.37	101472.13	3176.0	31.76	0.00	4	0.00
2025.06.23 13:14:59	1750684499646	101436.18	101468.93	3275.0	32.75	0.00	6	0.00
2025.06.23 13:14:59	1750684499683	101435.37	101467.13	3176.0	31.76	0.00	6	0.00
2025.06.23 13:14:59	1750684499968	101428.17	101459.93	3176.0	31.76	0.00	6	0.00
2025.06.23 13:15:00	1750684500306	101428.17	101459.93	3176.0	31.76	0.00	2	0.00
2025.06.23 13:15:00	1750684500696	101436.17	101467.93	3176.0	31.76	0.00	6	0.00
2025.06.23 13:15:04	1750684504266	101431.57	101463.33	3176.0	31.76	0.00	6	0.00
2025.06.23 13:15:05	1750684505586	101426.79	101459.13	3234.0	32.34	0.00	6	0.00
2025.06.23 13:15:05	1750684505693	101427.37	101459.13	3176.0	31.76	0.00	2	0.00
2025.06.23 13:15:05	1750684505914	101423.97	101455.73	3176.0	31.76	0.00	6	0.00
2025.06.23 13:15:07	1750684507231	101419.47	101451.23	3176.0	31.76	0.00	6	0.00
2025.06.23 13:15:11	1750684511203	101412.28	101446.53	3425.0	34.25	0.00	6	0.00
2025.06.23 13:15:11	1750684511289	101412.17	101443.93	3176.0	31.76	0.00	6	0.00
2025.06.23 13:15:36	1750684536977	101418.97	101450.73	3176.0	31.76	0.00	6	0.00
2025.06.23 13:15:37	1750684537279	101424.07	101457.70	3363.0	33.63	0.00	6	0.00
2025.06.23 13:15:37	1750684537595	101426.07	101457.83	3176.0	31.76	0.00	6	0.00
2025.06.23 13:15:37	1750684537920	101431.57	101463.33	3176.0	31.76	0.00	6	0.00
2025.06.23 13:15:46	1750684546834	101436.17	101467.93	3176.0	31.76	0.00	6	0.00
2025.06.23 13:16:00	1750684560033	101436.17	101467.93	3176.0	31.76	0.00	2	0.00
2025.06.23 13:16:00	1750684560400	101423.63	101458.03	3440.0	34.40	0.00	6	0.00
2025.06.23 13:16:00	1750684560694	101426.17	101457.93	3176.0	31.76	0.00	6	0.00
2025.06.23 13:16:02	1750684562679	101413.99	101448.63	3464.0	34.64	0.00	6	0.00
2025.06.23 13:16:02	1750684562733	101413.97	101445.73	3176.0	31.76	0.00	6	0.00
2025.06.23 13:16:04	1750684564320	101409.27	101441.03	3176.0	31.76	0.00	6	0.00
2025.06.23 13:16:04	1750684564986	101398.67	101430.43	3176.0	31.76	0.00	6	0.00
2025.06.23 13:16:06	1750684566961	101404.07	101435.83	3176.0	31.76	0.00	6	0.00
2025.06.23 13:16:22	1750684582143	101399.17	101430.93	3176.0	31.76	0.00	6	0.00
2025.06.23 13:16:22	1750684582813	101398.72	101430.93	3221.0	32.21	0.00	2	0.00
2025.06.23 13:16:23	1750684583138	101398.71	101430.93	3222.0	32.22	0.00	2	0.00
2025.06.23 13:16:23	1750684583207	101399.17	101430.93	3176.0	31.76	0.00	2	0.00
2025.06.23 13:17:00	1750684620092	101399.17	101430.93	3176.0	31.76	0.00	2	0.00
2025.06.23 13:17:07	1750684627705	101394.51	101427.63	3312.0	33.12	0.00	6	0.00
2025.06.23 13:17:08	1750684628018	101394.17	101425.93	3176.0	31.76	0.00	6	0.00
2025.06.23 13:17:18	1750684638329	101386.57	101418.33	3176.0	31.76	0.00	6	0.00
2025.06.23 13:17:26	1750684646823	101382.17	101413.93	3176.0	31.76	0.00	6	0.00
2025.06.23 13:17:30	1750684650123	101378.77	101410.53	3176.0	31.76	0.00	6	0.00
2025.06.23 13:17:30	1750684650452	101376.07	101407.83	3176.0	31.76	0.00	6	0.00
2025.06.23 13:17:32	1750684652108	101371.57	101403.33	3176.0	31.76	0.00	6	0.00
2025.06.23 13:17:32	1750684652580	101362.07	101393.83	3176.0	31.76	0.00	6	0.00
2025.06.23 13:17:37	1750684657073	101358.12	101390.03	3191.0	31.91	0.00	6	0.00
2025.06.23 13:17:37	1750684657383	101358.27	101390.03	3176.0	31.76	0.00	2	0.00
2025.06.23 13:17:40	1750684660728	101357.41	101389.93	3252.0	32.52	0.00	6	0.00
2025.06.23 13:17:41	1750684661019	101355.67	101387.43	3176.0	31.76	0.00	6	0.00
2025.06.23 13:17:53	1750684673551	101358.17	101389.93	3176.0	31.76	0.00	6	0.00
2025.06.23 13:17:54	1750684674217	101371.87	101403.63	3176.0	31.76	0.00	6	0.00
2025.06.23 13:17:55	1750684675532	101375.97	101407.73	3176.0	31.76	0.00	6	0.00
2025.06.23 13:17:58	1750684678178	101378.67	101410.43	3176.0	31.76	0.00	6	0.00
2025.06.23 13:18:00	1750684680151	101378.67	101410.43	3176.0	31.76	0.00	2	0.00
2025.06.23 13:18:10	1750684690052	101388.07	101419.83	3176.0	31.76	0.00	6	0.00
2025.06.23 13:18:10	1750684690125	101391.87	101423.63	3176.0	31.76	0.00	6	0.00
2025.06.23 13:18:12	1750684692033	101391.87	101423.68	3181.0	31.81	0.00	4	0.00
2025.06.23 13:18:12	1750684692362	101391.87	101423.63	3176.0	31.76	0.00	4	0.00
2025.06.23 13:18:12	1750684692383	101394.17	101425.93	3176.0	31.76	0.00	6	0.00
2025.06.23 13:18:12	1750684692698	101395.97	101427.83	3186.0	31.86	0.00	6	0.00
2025.06.23 13:18:12	1750684692702	101399.07	101430.83	3176.0	31.76	0.00	6	0.00
2025.06.23 13:18:14	1750684694705	101402.57	101434.33	3176.0	31.76	0.00	6	0.00
2025.06.23 13:18:19	1750684699293	101402.37	101434.13	3176.0	31.76	0.00	6	0.00
2025.06.23 13:18:19	1750684699299	101397.27	101429.03	3176.0	31.76	0.00	6	0.00
2025.06.23 13:18:39	1750684719091	101392.47	101424.23	3176.0	31.76	0.00	6	0.00
2025.06.23 13:18:40	1750684720413	101385.57	101417.33	3176.0	31.76	0.00	6	0.00
2025.06.23 13:18:42	1750684722072	101382.28	101416.13	3385.0	33.85	0.00	6	0.00
2025.06.23 13:18:42	1750684722392	101382.37	101414.13	3176.0	31.76	0.00	6	0.00
2025.06.23 13:18:43	1750684723717	101371.28	101405.03	3375.0	33.75	0.00	6	0.00
2025.06.23 13:18:43	1750684723780	101366.67	101398.43	3176.0	31.76	0.00	6	0.00
2025.06.23 13:18:44	1750684724056	101364.87	101396.63	3176.0	31.76	0.00	6	0.00
2025.06.23 13:18:51	1750684731633	101366.67	101398.43	3176.0	31.76	0.00	6	0.00
2025.06.23 13:18:51	1750684731969	101369.97	101401.73	3176.0	31.76	0.00	6	0.00
2025.06.23 13:18:53	1750684733942	101373.27	101405.03	3176.0	31.76	0.00	6	0.00
2025.06.23 13:18:55	1750684735002	101376.67	101408.43	3176.0	31.76	0.00	6	0.00
2025.06.23 13:19:00	1750684740210	101376.67	101408.43	3176.0	31.76	0.00	2	0.00
2025.06.23 13:19:05	1750684745826	101376.67	101408.83	3216.0	32.16	0.00	4	0.00
2025.06.23 13:19:06	1750684746149	101376.67	101408.43	3176.0	31.76	0.00	4	0.00
2025.06.23 13:19:08	1750684748463	101377.17	101408.93	3176.0	31.76	0.00	6	0.00
2025.06.23 13:19:10	1750684750774	101379.07	101410.83	3176.0	31.76	0.00	6	0.00
2025.06.23 13:19:14	1750684754410	101383.27	101416.30	3303.0	33.03	0.00	6	0.00
2025.06.23 13:19:14	1750684754732	101388.77	101420.53	3176.0	31.76	0.00	6	0.00
2025.06.23 13:19:22	1750684762326	101397.07	101428.83	3176.0	31.76	0.00	6	0.00
2025.06.23 13:19:22	1750684762447	101402.17	101433.93	3176.0	31.76	0.00	6	0.00
2025.06.23 13:19:24	1750684764304	101393.07	101424.83	3176.0	31.76	0.00	6	0.00
2025.06.23 13:19:30	1750684770901	101397.67	101429.52	3185.0	31.85	0.00	6	0.00
2025.06.23 13:19:31	1750684771241	101397.67	101429.43	3176.0	31.76	0.00	4	0.00
2025.06.23 13:19:35	1750684775605	101404.57	101437.02	3245.0	32.45	0.00	6	0.00
2025.06.23 13:19:35	1750684775851	101409.07	101440.83	3176.0	31.76	0.00	6	0.00
2025.06.23 13:19:36	1750684776017	101412.47	101444.23	3176.0	31.76	0.00	6	0.00
2025.06.23 13:19:39	1750684779485	101415.67	101447.43	3176.0	31.76	0.00	6	0.00
2025.06.23 13:19:54	1750684794018	101415.67	101447.65	3198.0	31.98	0.00	4	0.00
2025.06.23 13:19:54	1750684794166	101415.67	101447.43	3176.0	31.76	0.00	4	0.00
2025.06.23 13:19:54	1750684794677	101418.07	101449.83	3176.0	31.76	0.00	6	0.00
2025.06.23 13:19:56	1750684796659	101425.77	101457.53	3176.0	31.76	0.00	6	0.00
2025.06.23 13:19:56	1750684796981	101427.67	101459.43	3176.0	31.76	0.00	6	0.00
2025.06.23 13:19:58	1750684798626	101432.77	101464.53	3176.0	31.76	0.00	6	0.00
2025.06.23 13:19:59	1750684799947	101425.30	101457.53	3223.0	32.23	0.00	6	0.00
2025.06.23 13:19:59	1750684799978	101425.77	101457.53	3176.0	31.76	0.00	2	0.00
2025.06.23 13:20:00	1750684800274	101425.77	101457.53	3176.0	31.76	0.00	2	0.00
2025.06.23 13:20:00	1750684800606	101421.87	101453.63	3176.0	31.76	0.00	6	0.00
2025.06.23 13:20:00	1750684800935	101418.07	101449.83	3176.0	31.76	0.00	6	0.00
2025.06.23 13:20:09	1750684809366	101426.97	101458.73	3176.0	31.76	0.00	6	0.00
2025.06.23 13:20:27	1750684827670	101419.65	101456.73	3708.0	37.08	0.00	6	0.00
2025.06.23 13:20:27	1750684827718	101418.72	101452.83	3411.0	34.11	0.00	6	0.00
2025.06.23 13:20:27	1750684827996	101421.07	101452.83	3176.0	31.76	0.00	2	0.00
2025.06.23 13:20:28	1750684828986	101415.87	101447.63	3176.0	31.76	0.00	6	0.00
2025.06.23 13:20:40	1750684840580	101408.33	101442.33	3400.0	34.00	0.00	6	0.00
2025.06.23 13:20:40	1750684840860	101407.77	101439.53	3176.0	31.76	0.00	6	0.00
2025.06.23 13:20:47	1750684847133	101382.47	101415.73	3326.0	33.26	0.00	6	0.00
2025.06.23 13:20:47	1750684847135	101382.47	101414.23	3176.0	31.76	0.00	4	0.00
2025.06.23 13:20:49	1750684849114	101380.17	101411.93	3176.0	31.76	0.00	6	0.00
2025.06.23 13:21:00	1750684860078	101380.17	101411.93	3176.0	31.76	0.00	2	0.00
2025.06.23 13:21:49	1750684909174	101380.17	101411.93	3176.0	31.76	0.00	4	0.00
2025.06.23 13:21:56	1750684916153	101375.58	101408.43	3285.0	32.85	0.00	6	0.00
2025.06.23 13:21:56	1750684916440	101375.57	101407.33	3176.0	31.76	0.00	6	0.00
2025.06.23 13:21:56	1750684916468	101369.47	101401.23	3176.0	31.76	0.00	6	0.00
2025.06.23 13:21:56	1750684916766	101366.67	101398.43	3176.0	31.76	0.00	6	0.00
2025.06.23 13:22:00	1750684920068	101366.67	101398.43	3176.0	31.76	0.00	2	0.00
2025.06.23 13:22:05	1750684925120	101356.80	101388.73	3193.0	31.93	0.00	6	0.00
2025.06.23 13:22:05	1750684925348	101354.07	101385.83	3176.0	31.76	0.00	6	0.00
2025.06.23 13:22:14	1750684934259	101355.97	101390.66	3469.0	34.69	0.00	6	0.00
2025.06.23 13:22:14	1750684934295	101364.57	101397.12	3255.0	32.55	0.00	6	0.00
2025.06.23 13:22:14	1750684934593	101366.67	101398.43	3176.0	31.76	0.00	6	0.00
2025.06.23 13:22:16	1750684936233	101369.17	101400.93	3176.0	31.76	0.00	6	0.00
2025.06.23 13:22:22	1750684942256	101373.47	101405.23	3176.0	31.76	0.00	6	0.00
2025.06.23 13:22:25	1750684945804	101369.97	101401.73	3176.0	31.76	0.00	6	0.00
2025.06.23 13:22:36	1750684956033	101365.57	101397.33	3176.0	31.76	0.00	6	0.00
2025.06.23 13:23:00	1750684980122	101365.57	101397.33	3176.0	31.76	0.00	2	0.00
2025.06.23 13:23:06	1750684986386	101359.57	101391.33	3176.0	31.76	0.00	6	0.00
2025.06.23 13:23:08	1750684988081	101354.92	101386.93	3201.0	32.01	0.00	6	0.00
2025.06.23 13:23:08	1750684988368	101351.08	101384.23	3315.0	33.15	0.00	6	0.00
2025.06.23 13:23:08	1750684988494	101352.47	101384.23	3176.0	31.76	0.00	2	0.00
2025.06.23 13:23:15	1750684995973	101352.37	101384.13	3176.0	31.76	0.00	6	0.00
2025.06.23 13:23:16	1750684996955	101352.32	101384.13	3181.0	31.81	0.00	2	0.00
2025.06.23 13:23:17	1750684997285	101352.36	101384.13	3177.0	31.77	0.00	2	0.00
2025.06.23 13:23:17	1750684997612	101352.37	101384.13	3176.0	31.76	0.00	2	0.00
2025.06.23 13:23:32	1750685012468	101350.97	101382.73	3176.0	31.76	0.00	6	0.00
2025.06.23 13:23:33	1750685013195	101347.37	101379.13	3176.0	31.76	0.00	6	0.00
2025.06.23 13:23:33	1750685013452	101341.07	101372.83	3176.0	31.76	0.00	6	0.00
2025.06.23 13:23:33	1750685013506	101340.27	101372.03	3176.0	31.76	0.00	6	0.00
2025.06.23 13:23:34	1750685014446	101327.87	101359.63	3176.0	31.76	0.00	6	0.00
2025.06.23 13:23:42	1750685022034	101326.57	101358.33	3176.0	31.76	0.00	6	0.00
2025.06.23 13:23:42	1750685022057	101321.67	101353.43	3176.0	31.76	0.00	6	0.00
2025.06.23 13:23:44	1750685024721	101315.27	101347.03	3176.0	31.76	0.00	6	0.00
2025.06.23 13:23:48	1750685028677	101310.33	101343.23	3290.0	32.90	0.00	6	0.00
2025.06.23 13:23:49	1750685029000	101306.17	101337.93	3176.0	31.76	0.00	6	0.00
2025.06.23 13:23:51	1750685031628	101306.27	101340.29	3402.0	34.02	0.00	6	0.00
2025.06.23 13:23:51	1750685031941	101319.87	101353.41	3354.0	33.54	0.00	6	0.00
2025.06.23 13:23:51	1750685031941	101321.67	101353.43	3176.0	31.76	0.00	6	0.00
2025.06.23 13:23:53	1750685033342	101326.27	101358.03	3176.0	31.76	0.00	6	0.00
2025.06.23 13:23:57	1750685037219	101324.07	101355.83	3176.0	31.76	0.00	6	0.00
2025.06.23 13:24:00	1750685040185	101324.07	101355.83	3176.0	31.76	0.00	2	0.00
2025.06.23 13:24:09	1750685049782	101321.67	101353.43	3176.0	31.76	0.00	6	0.00
2025.06.23 13:24:15	1750685055033	101322.47	101354.23	3176.0	31.76	0.00	6	0.00
2025.06.23 13:24:15	1750685055364	101324.07	101355.83	3176.0	31.76	0.00	6	0.00
2025.06.23 13:24:15	1750685055695	101334.07	101365.83	3176.0	31.76	0.00	6	0.00
2025.06.23 13:24:18	1750685058334	101334.17	101368.23	3406.0	34.06	0.00	6	0.00
2025.06.23 13:24:18	1750685058374	101339.47	101371.89	3242.0	32.42	0.00	6	0.00
2025.06.23 13:24:18	1750685058667	101340.67	101372.43	3176.0	31.76	0.00	6	0.00
2025.06.23 13:24:25	1750685065596	101344.27	101376.03	3176.0	31.76	0.00	6	0.00
2025.06.23 13:24:33	1750685073178	101348.87	101380.63	3176.0	31.76	0.00	6	0.00
2025.06.23 13:24:37	1750685077801	101353.97	101385.73	3176.0	31.76	0.00	6	0.00
2025.06.23 13:25:00	1750685100243	101353.97	101385.73	3176.0	31.76	0.00	2	0.00
2025.06.23 13:25:00	1750685100577	101349.17	101380.93	3176.0	31.76	0.00	6	0.00
2025.06.23 13:25:01	1750685101014	101345.27	101377.03	3176.0	31.76	0.00	6	0.00
2025.06.23 13:25:16	1750685116743	101349.17	101384.47	3530.0	35.30	0.00	6	0.00
2025.06.23 13:25:16	1750685116830	101349.17	101380.93	3176.0	31.76	0.00	4	0.00
2025.06.23 13:25:26	1750685126022	101352.77	101385.67	3290.0	32.90	0.00	6	0.00
2025.06.23 13:25:26	1750685126331	101362.87	101395.91	3304.0	33.04	0.00	6	0.00
2025.06.23 13:25:26	1750685126352	101362.87	101394.63	3176.0	31.76	0.00	4	0.00
2025.06.23 13:25:26	1750685126637	101365.57	101397.33	3176.0	31.76	0.00	6	0.00
2025.06.23 13:25:31	1750685131927	101361.07	101392.83	3176.0	31.76	0.00	6	0.00
2025.06.23 13:25:32	1750685132254	101356.47	101388.23	3176.0	31.76	0.00	6	0.00
2025.06.23 13:25:45	1750685145511	101345.87	101382.13	3626.0	36.26	0.00	6	0.00
2025.06.23 13:25:45	1750685145783	101347.57	101379.33	3176.0	31.76	0.00	6	0.00
2025.06.23 13:25:58	1750685158988	101339.17	101370.93	3176.0	31.76	0.00	6	0.00
2025.06.23 13:26:00	1750685160304	101339.17	101370.93	3176.0	31.76	0.00	2	0.00
2025.06.23 13:26:00	1750685160319	101342.97	101374.73	3176.0	31.76	0.00	6	0.00
2025.06.23 13:26:01	1750685161332	101346.27	101378.03	3176.0	31.76	0.00	6	0.00
2025.06.23 13:26:01	1750685161622	101347.57	101379.33	3176.0	31.76	0.00	6	0.00
2025.06.23 13:26:15	1750685175226	101349.17	101382.61	3344.0	33.44	0.00	6	0.00
2025.06.23 13:26:15	1750685175480	101356.87	101388.63	3176.0	31.76	0.00	6	0.00
2025.06.23 13:26:17	1750685177131	101353.37	101385.13	3176.0	31.76	0.00	6	0.00
2025.06.23 13:26:22	1750685182417	101344.47	101376.23	3176.0	31.76	0.00	6	0.00
2025.06.23 13:26:25	1750685185057	101342.97	101374.73	3176.0	31.76	0.00	6	0.00
2025.06.23 13:26:31	1750685191986	101344.07	101376.15	3208.0	32.08	0.00	6	0.00
2025.06.23 13:26:32	1750685192309	101344.47	101376.97	3250.0	32.50	0.00	6	0.00
2025.06.23 13:26:32	1750685192350	101344.47	101376.96	3249.0	32.49	0.00	4	0.00
2025.06.23 13:26:32	1750685192648	101344.47	101376.97	3250.0	32.50	0.00	4	0.00
2025.06.23 13:26:32	1750685192649	101344.47	101376.23	3176.0	31.76	0.00	4	0.00
2025.06.23 13:26:33	1750685193371	101349.27	101381.03	3176.0	31.76	0.00	6	0.00
2025.06.23 13:26:33	1750685193642	101359.77	101392.92	3315.0	33.15	0.00	6	0.00
2025.06.23 13:26:33	1750685193683	101366.07	101400.07	3400.0	34.00	0.00	6	0.00
2025.06.23 13:26:33	1750685193963	101368.37	101400.76	3239.0	32.39	0.00	6	0.00
2025.06.23 13:26:33	1750685193973	101369.17	101400.93	3176.0	31.76	0.00	6	0.00
2025.06.23 13:26:47	1750685207185	101363.57	101395.33	3176.0	31.76	0.00	6	0.00
2025.06.23 13:26:55	1750685215480	101356.27	101388.03	3176.0	31.76	0.00	6	0.00
2025.06.23 13:27:00	1750685220034	101356.27	101388.03	3176.0	31.76	0.00	2	0.00
2025.06.23 13:27:01	1750685221718	101350.13	101383.53	3340.0	33.40	0.00	6	0.00
2025.06.23 13:27:02	1750685222012	101351.77	101383.53	3176.0	31.76	0.00	2	0.00
2025.06.23 13:27:02	1750685222343	101344.77	101376.53	3176.0	31.76	0.00	6	0.00
2025.06.23 13:27:23	1750685243471	101342.97	101374.73	3176.0	31.76	0.00	6	0.00
2025.06.23 13:27:24	1750685244867	101336.87	101368.63	3176.0	31.76	0.00	6	0.00
2025.06.23 13:27:28	1750685248414	101333.17	101364.93	3176.0	31.76	0.00	6	0.00
2025.06.23 13:27:40	1750685260623	101324.37	101356.13	3176.0	31.76	0.00	6	0.00
2025.06.23 13:27:50	1750685270561	101325.87	101357.63	3176.0	31.76	0.00	6	0.00
2025.06.23 13:27:55	1750685275806	101315.87	101347.63	3176.0	31.76	0.00	6	0.00
2025.06.23 13:27:56	1750685276799	101314.17	101345.93	3176.0	31.76	0.00	6	0.00
2025.06.23 13:28:00	1750685280095	101314.17	101345.93	3176.0	31.76	0.00	2	0.00
2025.06.23 13:28:00	1750685280468	101314.07	101345.83	3176.0	31.76	0.00	6	0.00
2025.06.23 13:28:03	1750685283071	101313.07	101344.83	3176.0	31.76	0.00	6	0.00
2025.06.23 13:28:04	1750685284382	101304.17	101335.93	3176.0	31.76	0.00	6	0.00
2025.06.23 13:28:04	1750685284718	101304.14	101335.93	3179.0	31.79	0.00	2	0.00
2025.06.23 13:28:04	1750685284748	101304.17	101335.93	3176.0	31.76	0.00	2	0.00
2025.06.23 13:28:08	1750685288676	101313.97	101345.82	3185.0	31.85	0.00	6	0.00
2025.06.23 13:28:08	1750685288715	101314.47	101349.93	3546.0	35.46	0.00	6	0.00
2025.06.23 13:28:09	1750685289003	101321.87	101353.63	3176.0	31.76	0.00	6	0.00
2025.06.23 13:28:10	1750685290650	101318.77	101350.53	3176.0	31.76	0.00	6	0.00
2025.06.23 13:28:12	1750685292306	101318.67	101350.43	3176.0	31.76	0.00	6	0.00
2025.06.23 13:28:14	1750685294613	101315.87	101347.63	3176.0	31.76	0.00	6	0.00
2025.06.23 13:28:16	1750685296265	101309.77	101341.53	3176.0	31.76	0.00	6	0.00
2025.06.23 13:28:21	1750685301267	101314.07	101345.83	3176.0	31.76	0.00	6	0.00
2025.06.23 13:28:22	1750685302584	101318.57	101350.33	3176.0	31.76	0.00	6	0.00
2025.06.23 13:28:22	1750685302868	101323.67	101355.43	3176.0	31.76	0.00	6	0.00
2025.06.23 13:28:25	1750685305841	101324.27	101356.03	3176.0	31.76	0.00	6	0.00
2025.06.23 13:28:29	1750685309519	101329.07	101360.83	3176.0	31.76	0.00	6	0.00
2025.06.23 13:29:00	1750685340152	101329.07	101360.83	3176.0	31.76	0.00	2	0.00
2025.06.23 13:29:15	1750685355007	101337.67	101369.43	3176.0	31.76	0.00	6	0.00
2025.06.23 13:29:42	1750685382718	101329.17	101360.93	3176.0	31.76	0.00	6	0.00
2025.06.23 13:29:46	1750685386808	101328.27	101360.03	3176.0	31.76	0.00	6	0.00
2025.06.23 13:29:52	1750685392301	101320.07	101351.83	3176.0	31.76	0.00	6	0.00
2025.06.23 13:29:53	1750685393277	101317.97	101349.73	3176.0	31.76	0.00	6	0.00
2025.06.23 13:29:53	1750685393615	101314.17	101345.93	3176.0	31.76	0.00	6	0.00
2025.06.23 13:29:53	1750685393971	101312.07	101343.83	3176.0	31.76	0.00	6	0.00
2025.06.23 13:29:56	1750685396921	101309.17	101340.93	3176.0	31.76	0.00	6	0.00
2025.06.23 13:30:00	1750685400218	101309.17	101340.93	3176.0	31.76	0.00	2	0.00
2025.06.23 13:30:00	1750685400303	101304.17	101335.93	3176.0	31.76	0.00	6	0.00
2025.06.23 13:30:23	1750685423338	101308.87	101340.76	3189.0	31.89	0.00	6	0.00
2025.06.23 13:30:23	1750685423641	101308.87	101340.63	3176.0	31.76	0.00	4	0.00
2025.06.23 13:30:23	1750685423977	101309.07	101340.83	3176.0	31.76	0.00	6	0.00
2025.06.23 13:30:29	1750685429259	101309.57	101341.33	3176.0	31.76	0.00	6	0.00
2025.06.23 13:30:30	1750685430281	101314.37	101346.50	3213.0	32.13	0.00	6	0.00
2025.06.23 13:30:30	1750685430577	101314.37	101346.13	3176.0	31.76	0.00	4	0.00
2025.06.23 13:30:56	1750685456973	101321.87	101353.63	3176.0	31.76	0.00	6	0.00
2025.06.23 13:30:58	1750685458320	101326.07	101357.83	3176.0	31.76	0.00	6	0.00
2025.06.23 13:31:00	1750685460277	101326.07	101357.83	3176.0	31.76	0.00	2	0.00
2025.06.23 13:31:11	1750685471497	101330.77	101362.53	3176.0	31.76	0.00	6	0.00
2025.06.23 13:31:12	1750685472815	101332.57	101364.33	3176.0	31.76	0.00	6	0.00
2025.06.23 13:31:12	1750685472891	101334.07	101366.17	3210.0	32.10	0.00	6	0.00
2025.06.23 13:31:13	1750685473147	101334.97	101366.73	3176.0	31.76	0.00	6	0.00
2025.06.23 13:31:15	1750685475123	101344.07	101375.83	3176.0	31.76	0.00	6	0.00
2025.06.23 13:31:16	1750685476440	101347.37	101379.13	3176.0	31.76	0.00	6	0.00
2025.06.23 13:31:22	1750685482711	101347.37	101379.41	3204.0	32.04	0.00	4	0.00
2025.06.23 13:31:22	1750685482768	101347.37	101379.44	3207.0	32.07	0.00	4	0.00
2025.06.23 13:31:23	1750685483045	101347.37	101379.42	3205.0	32.05	0.00	4	0.00
2025.06.23 13:31:23	1750685483379	101347.37	101379.13	3176.0	31.76	0.00	4	0.00
2025.06.23 13:31:24	1750685484033	101349.17	101380.93	3176.0	31.76	0.00	6	0.00
2025.06.23 13:31:24	1750685484400	101350.07	101381.83	3176.0	31.76	0.00	6	0.00
2025.06.23 13:31:33	1750685493272	101352.07	101383.83	3176.0	31.76	0.00	6	0.00
2025.06.23 13:31:33	1750685493931	101356.07	101387.83	3176.0	31.76	0.00	6	0.00
2025.06.23 13:31:34	1750685494269	101358.57	101390.33	3176.0	31.76	0.00	6	0.00
2025.06.23 13:31:34	1750685494598	101358.67	101390.60	3193.0	31.93	0.00	6	0.00
2025.06.23 13:31:34	1750685494930	101358.67	101390.68	3201.0	32.01	0.00	4	0.00
2025.06.23 13:31:35	1750685495001	101358.67	101390.86	3219.0	32.19	0.00	4	0.00
2025.06.23 13:31:35	1750685495253	101362.27	101394.03	3176.0	31.76	0.00	6	0.00
2025.06.23 13:31:47	1750685507152	101353.27	101385.03	3176.0	31.76	0.00	6	0.00
2025.06.23 13:31:47	1750685507470	101352.07	101383.83	3176.0	31.76	0.00	6	0.00
2025.06.23 13:32:00	1750685520007	101352.07	101383.83	3176.0	31.76	0.00	2	0.00
2025.06.23 13:32:07	1750685527595	101347.37	101379.13	3176.0	31.76	0.00	6	0.00
2025.06.23 13:32:10	1750685530563	101340.77	101372.53	3176.0	31.76	0.00	6	0.00
2025.06.23 13:32:56	1750685576440	101352.67	101384.43	3176.0	31.76	0.00	6	0.00
2025.06.23 13:32:56	1750685576453	101354.07	101385.83	3176.0	31.76	0.00	6	0.00
2025.06.23 13:32:59	1750685579405	101359.27	101391.03	3176.0	31.76	0.00	6	0.00
2025.06.23 13:33:00	1750685580066	101359.27	101391.03	3176.0	31.76	0.00	2	0.00
2025.06.23 13:33:11	1750685591618	101352.67	101384.43	3176.0	31.76	0.00	6	0.00
2025.06.23 13:33:16	1750685596298	101346.27	101378.03	3176.0	31.76	0.00	6	0.00
2025.06.23 13:33:35	1750685615701	101352.57	101384.50	3193.0	31.93	0.00	6	0.00
2025.06.23 13:33:35	1750685615888	101357.47	101389.23	3176.0	31.76	0.00	6	0.00
2025.06.23 13:33:39	1750685619003	101359.87	101392.81	3294.0	32.94	0.00	6	0.00
2025.06.23 13:33:39	1750685619044	101361.07	101392.83	3176.0	31.76	0.00	6	0.00
2025.06.23 13:33:42	1750685622631	101366.17	101397.93	3176.0	31.76	0.00	6	0.00
2025.06.23 13:34:00	1750685640122	101366.17	101397.93	3176.0	31.76	0.00	2	0.00
2025.06.23 13:34:42	1750685682695	101366.17	101397.93	3176.0	31.76	0.00	4	0.00
2025.06.23 13:34:58	1750685698860	101358.27	101390.03	3176.0	31.76	0.00	6	0.00
2025.06.23 13:35:00	1750685700181	101358.27	101390.03	3176.0	31.76	0.00	2	0.00
2025.06.23 13:35:03	1750685703154	101353.11	101385.23	3212.0	32.12	0.00	6	0.00
2025.06.23 13:35:03	1750685703236	101350.06	101381.93	3187.0	31.87	0.00	6	0.00
2025.06.23 13:35:03	1750685703485	101350.17	101381.93	3176.0	31.76	0.00	2	0.00
2025.06.23 13:35:08	1750685708435	101352.67	101384.43	3176.0	31.76	0.00	6	0.00
2025.06.23 13:35:09	1750685709420	101355.97	101390.15	3418.0	34.18	0.00	6	0.00
2025.06.23 13:35:09	1750685709523	101360.97	101392.73	3176.0	31.76	0.00	6	0.00
2025.06.23 13:35:12	1750685712388	101366.07	101397.83	3176.0	31.76	0.00	6	0.00
2025.06.23 13:35:16	1750685716352	101368.07	101400.80	3273.0	32.73	0.00	6	0.00
2025.06.23 13:35:16	1750685716353	101369.07	101401.43	3236.0	32.36	0.00	6	0.00
2025.06.23 13:35:16	1750685716687	101369.07	101400.83	3176.0	31.76	0.00	4	0.00
2025.06.23 13:35:17	1750685717061	101372.87	101404.63	3176.0	31.76	0.00	6	0.00
2025.06.23 13:35:18	1750685718667	101374.97	101406.73	3176.0	31.76	0.00	6	0.00
2025.06.23 13:35:20	1750685720316	101376.77	101408.53	3176.0	31.76	0.00	6	0.00
2025.06.23 13:35:21	1750685721341	101378.67	101410.43	3176.0	31.76	0.00	6	0.00
2025.06.23 13:35:22	1750685722297	101380.17	101411.93	3176.0	31.76	0.00	6	0.00
2025.06.23 13:35:24	1750685724929	101380.57	101412.33	3176.0	31.76	0.00	6	0.00
2025.06.23 13:35:26	1750685726256	101384.07	101415.83	3176.0	31.76	0.00	6	0.00
2025.06.23 13:36:00	1750685760001	101384.07	101415.83	3176.0	31.76	0.00	2	0.00
2025.06.23 13:36:26	1750685786316	101380.57	101412.33	3176.0	31.76	0.00	6	0.00
2025.06.23 13:36:41	1750685801165	101384.07	101415.83	3176.0	31.76	0.00	6	0.00
2025.06.23 13:36:41	1750685801264	101388.27	101420.03	3176.0	31.76	0.00	6	0.00
2025.06.23 13:36:41	1750685801497	101390.17	101421.93	3176.0	31.76	0.00	6	0.00
2025.06.23 13:36:46	1750685806777	101392.17	101423.93	3176.0	31.76	0.00	6	0.00
2025.06.23 13:36:48	1750685808756	101390.17	101421.93	3176.0	31.76	0.00	6	0.00
2025.06.23 13:36:51	1750685811395	101388.07	101419.83	3176.0	31.76	0.00	6	0.00
2025.06.23 13:36:53	1750685813050	101376.37	101408.13	3176.0	31.76	0.00	6	0.00
2025.06.23 13:36:53	1750685813398	101370.37	101402.13	3176.0	31.76	0.00	6	0.00
2025.06.23 13:36:53	1750685813713	101368.57	101400.33	3176.0	31.76	0.00	6	0.00
2025.06.23 13:37:00	1750685820011	101368.57	101400.33	3176.0	31.76	0.00	2	0.00
2025.06.23 13:37:14	1750685834829	101360.77	101392.53	3176.0	31.76	0.00	6	0.00
2025.06.23 13:37:36	1750685856601	101356.53	101389.33	3280.0	32.80	0.00	6	0.00
2025.06.23 13:37:36	1750685856607	101350.97	101382.73	3176.0	31.76	0.00	6	0.00
2025.06.23 13:37:38	1750685858606	101349.80	101382.03	3223.0	32.23	0.00	6	0.00
2025.06.23 13:37:38	1750685858646	101349.54	101381.83	3229.0	32.29	0.00	6	0.00
2025.06.23 13:37:38	1750685858913	101349.57	101381.83	3226.0	32.26	0.00	2	0.00
2025.06.23 13:37:38	1750685858926	101350.07	101381.83	3176.0	31.76	0.00	2	0.00
2025.06.23 13:37:44	1750685864193	101347.78	101379.63	3185.0	31.85	0.00	6	0.00
2025.06.23 13:37:44	1750685864257	101347.87	101379.63	3176.0	31.76	0.00	2	0.00
2025.06.23 13:37:44	1750685864527	101347.80	101379.63	3183.0	31.83	0.00	2	0.00
2025.06.23 13:37:44	1750685864536	101347.24	101379.63	3239.0	32.39	0.00	2	0.00
2025.06.23 13:37:44	1750685864855	101347.87	101379.63	3176.0	31.76	0.00	2	0.00
2025.06.23 13:37:45	1750685865847	101347.26	101379.63	3237.0	32.37	0.00	2	0.00
2025.06.23 13:37:45	1750685865883	101347.87	101379.63	3176.0	31.76	0.00	2	0.00
2025.06.23 13:37:49	1750685869470	101353.67	101387.89	3422.0	34.22	0.00	6	0.00
2025.06.23 13:37:49	1750685869478	101355.17	101388.10	3293.0	32.93	0.00	6	0.00
2025.06.23 13:37:49	1750685869805	101356.37	101388.13	3176.0	31.76	0.00	6	0.00
2025.06.23 13:38:00	1750685880035	101356.37	101388.13	3176.0	31.76	0.00	2	0.00
2025.06.23 13:38:25	1750685905770	101361.47	101393.23	3176.0	31.76	0.00	6	0.00
2025.06.23 13:38:30	1750685910724	101356.67	101388.43	3176.0	31.76	0.00	6	0.00
2025.06.23 13:38:36	1750685916001	101349.28	101385.43	3615.0	36.15	0.00	6	0.00
2025.06.23 13:38:36	1750685916007	101350.30	101385.43	3513.0	35.13	0.00	2	0.00
2025.06.23 13:38:36	1750685916344	101351.24	101385.43	3419.0	34.19	0.00	2	0.00
2025.06.23 13:38:36	1750685916399	101353.67	101385.43	3176.0	31.76	0.00	2	0.00
2025.06.23 13:38:38	1750685918641	101350.07	101381.83	3176.0	31.76	0.00	6	0.00
2025.06.23 13:39:00	1750685940096	101350.07	101381.83	3176.0	31.76	0.00	2	0.00
2025.06.23 13:39:04	1750685944755	101354.17	101387.76	3359.0	33.59	0.00	6	0.00
2025.06.23 13:39:05	1750685945036	101356.37	101388.13	3176.0	31.76	0.00	6	0.00
2025.06.23 13:39:21	1750685961216	101360.97	101392.73	3176.0	31.76	0.00	6	0.00
2025.06.23 13:39:43	1750685983329	101363.97	101396.26	3229.0	32.29	0.00	6	0.00
2025.06.23 13:39:43	1750685983399	101363.97	101395.73	3176.0	31.76	0.00	4	0.00
2025.06.23 13:39:44	1750685984711	101367.47	101399.23	3176.0	31.76	0.00	6	0.00
2025.06.23 13:40:00	1750686000150	101367.47	101399.23	3176.0	31.76	0.00	2	0.00
2025.06.23 13:40:01	1750686001560	101363.97	101396.03	3206.0	32.06	0.00	6	0.00
2025.06.23 13:40:01	1750686001804	101363.97	101395.73	3176.0	31.76	0.00	4	0.00
2025.06.23 13:40:02	1750686002459	101363.89	101395.73	3184.0	31.84	0.00	2	0.00
2025.06.23 13:40:02	1750686002563	101363.87	101395.63	3176.0	31.76	0.00	6	0.00
2025.06.23 13:40:02	1750686002794	101360.97	101392.73	3176.0	31.76	0.00	6	0.00
2025.06.23 13:40:03	1750686003791	101357.87	101389.63	3176.0	31.76	0.00	6	0.00
2025.06.23 13:40:11	1750686011039	101352.27	101384.03	3176.0	31.76	0.00	6	0.00
2025.06.23 13:40:15	1750686015996	101353.27	101385.03	3176.0	31.76	0.00	6	0.00
2025.06.23 13:40:16	1750686016325	101353.27	101389.27	3600.0	36.00	0.00	4	0.00
2025.06.23 13:40:16	1750686016654	101357.67	101389.43	3176.0	31.76	0.00	6	0.00
2025.06.23 13:40:38	1750686038781	101349.99	101383.43	3344.0	33.44	0.00	6	0.00
2025.06.23 13:40:39	1750686039091	101349.97	101381.73	3176.0	31.76	0.00	6	0.00
2025.06.23 13:40:55	1750686055001	101345.09	101377.73	3264.0	32.64	0.00	6	0.00
2025.06.23 13:40:55	1750686055265	101345.57	101377.33	3176.0	31.76	0.00	6	0.00
2025.06.23 13:40:56	1750686056914	101342.17	101373.93	3176.0	31.76	0.00	6	0.00
2025.06.23 13:41:00	1750686060211	101342.17	101373.93	3176.0	31.76	0.00	2	0.00
2025.06.23 13:41:00	1750686060878	101338.37	101370.13	3176.0	31.76	0.00	6	0.00
2025.06.23 13:41:01	1750686061531	101334.17	101367.03	3286.0	32.86	0.00	6	0.00
2025.06.23 13:41:01	1750686061600	101318.38	101351.93	3355.0	33.55	0.00	6	0.00
2025.06.23 13:41:01	1750686061868	101318.27	101350.03	3176.0	31.76	0.00	6	0.00
2025.06.23 13:41:02	1750686062857	101302.27	101334.23	3196.0	31.96	0.00	6	0.00
2025.06.23 13:41:02	1750686062860	101302.27	101334.03	3176.0	31.76	0.00	4	0.00
2025.06.23 13:41:04	1750686064174	101256.27	101292.53	3626.0	36.26	0.00	6	0.00
2025.06.23 13:41:04	1750686064264	101256.27	101288.03	3176.0	31.76	0.00	4	0.00
2025.06.23 13:41:04	1750686064554	101257.17	101289.08	3191.0	31.91	0.00	6	0.00
2025.06.23 13:41:04	1750686064836	101260.67	101292.53	3186.0	31.86	0.00	6	0.00
2025.06.23 13:41:04	1750686064895	101264.07	101296.99	3292.0	32.92	0.00	6	0.00
2025.06.23 13:41:05	1750686065165	101264.07	101295.83	3176.0	31.76	0.00	4	0.00
2025.06.23 13:41:07	1750686067195	101256.27	101288.03	3176.0	31.76	0.00	6	0.00
2025.06.23 13:41:25	1750686085371	101254.22	101286.83	3261.0	32.61	0.00	6	0.00
2025.06.23 13:41:25	1750686085624	101255.07	101286.83	3176.0	31.76	0.00	2	0.00
2025.06.23 13:41:29	1750686089951	101252.47	101284.23	3176.0	31.76	0.00	6	0.00
2025.06.23 13:41:30	1750686090245	101249.17	101280.93	3176.0	31.76	0.00	6	0.00
2025.06.23 13:41:30	1750686090264	101246.97	101278.73	3176.0	31.76	0.00	6	0.00
2025.06.23 13:41:30	1750686090903	101246.17	101277.93	3176.0	31.76	0.00	6	0.00
2025.06.23 13:41:31	1750686091245	101243.25	101275.93	3268.0	32.68	0.00	6	0.00
2025.06.23 13:41:31	1750686091291	101243.17	101274.93	3176.0	31.76	0.00	6	0.00
2025.06.23 13:41:31	1750686091889	101242.17	101273.93	3176.0	31.76	0.00	6	0.00
2025.06.23 13:41:32	1750686092220	101238.17	101269.93	3176.0	31.76	0.00	6	0.00
2025.06.23 13:41:32	1750686092881	101235.17	101266.93	3176.0	31.76	0.00	6	0.00
2025.06.23 13:41:33	1750686093543	101234.17	101265.93	3176.0	31.76	0.00	6	0.00
2025.06.23 13:41:33	1750686093626	101229.17	101260.93	3176.0	31.76	0.00	6	0.00
2025.06.23 13:41:33	1750686093919	101224.07	101255.83	3176.0	31.76	0.00	6	0.00
2025.06.23 13:41:37	1750686097182	101215.79	101254.03	3824.0	38.24	0.00	6	0.00
2025.06.23 13:41:37	1750686097502	101215.87	101247.63	3176.0	31.76	0.00	6	0.00
2025.06.23 13:41:40	1750686100806	101218.97	101250.73	3176.0	31.76	0.00	6	0.00
2025.06.23 13:41:41	1750686101148	101207.17	101238.93	3176.0	31.76	0.00	6	0.00
2025.06.23 13:41:41	1750686101471	101207.37	101239.13	3176.0	31.76	0.00	6	0.00
2025.06.23 13:41:41	1750686101796	101189.47	101221.23	3176.0	31.76	0.00	6	0.00
2025.06.23 13:41:44	1750686104435	101193.47	101225.23	3176.0	31.76	0.00	6	0.00
2025.06.23 13:41:47	1750686107770	101197.27	101229.03	3176.0	31.76	0.00	6	0.00
2025.06.23 13:41:48	1750686108064	101201.27	101233.03	3176.0	31.76	0.00	6	0.00
2025.06.23 13:41:48	1750686108728	101203.67	101235.43	3176.0	31.76	0.00	6	0.00
2025.06.23 13:41:48	1750686108876	101208.37	101240.13	3176.0	31.76	0.00	6	0.00
2025.06.23 13:41:49	1750686109058	101211.27	101243.03	3176.0	31.76	0.00	6	0.00
2025.06.23 13:41:50	1750686110715	101204.23	101239.53	3530.0	35.30	0.00	6	0.00
2025.06.23 13:41:51	1750686111033	101203.67	101235.43	3176.0	31.76	0.00	6	0.00
2025.06.23 13:41:52	1750686112354	101189.47	101223.13	3366.0	33.66	0.00	6	0.00
2025.06.23 13:41:52	1750686112692	101189.47	101221.23	3176.0	31.76	0.00	4	0.00
2025.06.23 13:41:53	1750686113020	101193.47	101225.23	3176.0	31.76	0.00	6	0.00
2025.06.23 13:41:54	1750686114002	101196.37	101228.13	3176.0	31.76	0.00	6	0.00
2025.06.23 13:41:55	1750686115652	101186.17	101217.93	3176.0	31.76	0.00	6	0.00
2025.06.23 13:41:56	1750686116316	101169.17	101200.93	3176.0	31.76	0.00	6	0.00
2025.06.23 13:41:56	1750686116319	101178.67	101210.43	3176.0	31.76	0.00	6	0.00
2025.06.23 13:41:58	1750686118294	101184.07	101215.83	3176.0	31.76	0.00	6	0.00
2025.06.23 13:42:00	1750686120302	101184.07	101215.83	3176.0	31.76	0.00	2	0.00
2025.06.23 13:42:00	1750686120305	101167.46	101202.03	3457.0	34.57	0.00	6	0.00
2025.06.23 13:42:00	1750686120604	101167.57	101199.33	3176.0	31.76	0.00	6	0.00
2025.06.23 13:42:00	1750686120668	101147.77	101179.53	3176.0	31.76	0.00	6	0.00
2025.06.23 13:42:01	1750686121071	101152.27	101184.03	3176.0	31.76	0.00	6	0.00
2025.06.23 13:42:01	1750686121595	101163.77	101195.53	3176.0	31.76	0.00	6	0.00
2025.06.23 13:42:01	1750686121683	101172.27	101204.03	3176.0	31.76	0.00	6	0.00
2025.06.23 13:42:02	1750686122259	101160.87	101194.53	3366.0	33.66	0.00	6	0.00
2025.06.23 13:42:02	1750686122392	101160.87	101192.63	3176.0	31.76	0.00	4	0.00
2025.06.23 13:42:02	1750686122603	101155.17	101186.93	3176.0	31.76	0.00	6	0.00
2025.06.23 13:42:11	1750686131496	101151.27	101184.03	3276.0	32.76	0.00	6	0.00
2025.06.23 13:42:11	1750686131822	101144.17	101175.93	3176.0	31.76	0.00	6	0.00
2025.06.23 13:42:12	1750686132813	101143.17	101174.93	3176.0	31.76	0.00	6	0.00
2025.06.23 13:42:13	1750686133143	101140.37	101172.13	3176.0	31.76	0.00	6	0.00
2025.06.23 13:42:13	1750686133178	101137.97	101169.73	3176.0	31.76	0.00	6	0.00
2025.06.23 13:42:14	1750686134790	101142.17	101173.93	3176.0	31.76	0.00	6	0.00
2025.06.23 13:42:26	1750686146673	101142.47	101174.23	3176.0	31.76	0.00	6	0.00
2025.06.23 13:42:34	1750686154265	101142.57	101174.33	3176.0	31.76	0.00	6	0.00
2025.06.23 13:42:35	1750686155297	101143.27	101175.03	3176.0	31.76	0.00	6	0.00
2025.06.23 13:42:35	1750686155581	101152.27	101184.03	3176.0	31.76	0.00	6	0.00
2025.06.23 13:42:35	1750686155608	101155.07	101186.93	3186.0	31.86	0.00	6	0.00
2025.06.23 13:42:35	1750686155918	101155.17	101186.93	3176.0	31.76	0.00	2	0.00
2025.06.23 13:42:36	1750686156109	101155.47	101187.23	3176.0	31.76	0.00	6	0.00
2025.06.23 13:42:36	1750686156244	101162.77	101194.65	3188.0	31.88	0.00	6	0.00
2025.06.23 13:42:36	1750686156363	101165.37	101197.13	3176.0	31.76	0.00	6	0.00
2025.06.23 13:42:39	1750686159212	101155.47	101187.23	3176.0	31.76	0.00	6	0.00
2025.06.23 13:42:39	1750686159874	101159.87	101191.63	3176.0	31.76	0.00	6	0.00
2025.06.23 13:42:40	1750686160895	101162.17	101195.84	3367.0	33.67	0.00	6	0.00
2025.06.23 13:42:41	1750686161191	101165.37	101197.13	3176.0	31.76	0.00	6	0.00
2025.06.23 13:42:42	1750686162511	101169.07	101200.83	3176.0	31.76	0.00	6	0.00
2025.06.23 13:42:44	1750686164827	101156.37	101188.13	3176.0	31.76	0.00	6	0.00
2025.06.23 13:42:53	1750686173731	101159.77	101191.53	3176.0	31.76	0.00	6	0.00
2025.06.23 13:43:00	1750686180005	101159.77	101191.53	3176.0	31.76	0.00	2	0.00
2025.06.23 13:43:04	1750686184623	101159.67	101191.43	3176.0	31.76	0.00	6	0.00
2025.06.23 13:43:05	1750686185351	101163.87	101199.82	3595.0	35.95	0.00	6	0.00
2025.06.23 13:43:05	1750686185616	101168.97	101200.73	3176.0	31.76	0.00	6	0.00
2025.06.23 13:43:08	1750686188333	101178.97	101210.73	3176.0	31.76	0.00	6	0.00
2025.06.23 13:43:09	1750686189575	101169.37	101201.13	3176.0	31.76	0.00	6	0.00
2025.06.23 13:43:13	1750686193532	101158.40	101191.43	3303.0	33.03	0.00	6	0.00
2025.06.23 13:43:13	1750686193719	101158.17	101189.93	3176.0	31.76	0.00	6	0.00
2025.06.23 13:43:18	1750686198194	101154.17	101185.93	3176.0	31.76	0.00	6	0.00
2025.06.23 13:43:24	1750686204481	101149.97	101181.73	3176.0	31.76	0.00	6	0.00
2025.06.23 13:43:25	1750686205420	101145.87	101177.63	3176.0	31.76	0.00	6	0.00
2025.06.23 13:43:26	1750686206076	101144.17	101175.93	3176.0	31.76	0.00	6	0.00
2025.06.23 13:43:29	1750686209389	101149.57	101183.79	3422.0	34.22	0.00	6	0.00
2025.06.23 13:43:29	1750686209708	101152.17	101183.93	3176.0	31.76	0.00	6	0.00
2025.06.23 13:43:35	1750686215978	101143.19	101178.73	3554.0	35.54	0.00	6	0.00
2025.06.23 13:43:36	1750686216142	101146.67	101178.43	3176.0	31.76	0.00	6	0.00
2025.06.23 13:43:37	1750686217964	101150.77	101182.53	3176.0	31.76	0.00	6	0.00
2025.06.23 13:43:38	1750686218289	101151.47	101183.23	3176.0	31.76	0.00	6	0.00
2025.06.23 13:43:38	1750686218296	101154.07	101185.83	3176.0	31.76	0.00	6	0.00
2025.06.23 13:43:47	1750686227532	101146.17	101177.93	3176.0	31.76	0.00	6	0.00
2025.06.23 13:43:47	1750686227857	101151.07	101182.83	3176.0	31.76	0.00	6	0.00
2025.06.23 13:43:47	1750686227863	101154.07	101185.83	3176.0	31.76	0.00	6	0.00
2025.06.23 13:43:48	1750686228180	101158.07	101189.83	3176.0	31.76	0.00	6	0.00
2025.06.23 13:44:00	1750686240067	101158.07	101189.83	3176.0	31.76	0.00	2	0.00
2025.06.23 13:44:33	1750686273067	101162.47	101194.23	3176.0	31.76	0.00	6	0.00
2025.06.23 13:44:33	1750686273253	101164.07	101195.83	3176.0	31.76	0.00	6	0.00
2025.06.23 13:44:33	1750686273728	101167.97	101199.73	3176.0	31.76	0.00	6	0.00
2025.06.23 13:44:38	1750686278678	101165.17	101196.93	3176.0	31.76	0.00	6	0.00
2025.06.23 13:44:39	1750686279085	101159.95	101192.53	3258.0	32.58	0.00	6	0.00
2025.06.23 13:44:39	1750686279338	101159.87	101191.63	3176.0	31.76	0.00	6	0.00
2025.06.23 13:44:44	1750686284292	101158.07	101189.83	3176.0	31.76	0.00	6	0.00
2025.06.23 13:44:45	1750686285940	101154.67	101186.43	3176.0	31.76	0.00	6	0.00
2025.06.23 13:44:45	1750686285986	101153.47	101185.23	3176.0	31.76	0.00	6	0.00
2025.06.23 13:44:48	1750686288569	101153.44	101185.23	3179.0	31.79	0.00	2	0.00
2025.06.23 13:44:48	1750686288897	101147.27	101179.03	3176.0	31.76	0.00	6	0.00
2025.06.23 13:45:00	1750686300150	101147.27	101179.03	3176.0	31.76	0.00	2	0.00
2025.06.23 13:45:02	1750686302772	101152.67	101184.43	3176.0	31.76	0.00	6	0.00
2025.06.23 13:45:03	1750686303757	101157.17	101188.93	3176.0	31.76	0.00	6	0.00
2025.06.23 13:45:07	1750686307715	101163.77	101195.53	3176.0	31.76	0.00	6	0.00
2025.06.23 13:45:07	1750686307899	101168.07	101199.83	3176.0	31.76	0.00	6	0.00
2025.06.23 13:45:08	1750686308376	101175.87	101207.63	3176.0	31.76	0.00	6	0.00
2025.06.23 13:45:09	1750686309696	101177.97	101209.73	3176.0	31.76	0.00	6	0.00
2025.06.23 13:45:10	1750686310354	101181.27	101213.03	3176.0	31.76	0.00	6	0.00
2025.06.23 13:45:11	1750686311351	101184.07	101215.83	3176.0	31.76	0.00	6	0.00
2025.06.23 13:45:12	1750686312661	101185.77	101217.53	3176.0	31.76	0.00	6	0.00
2025.06.23 13:45:13	1750686313986	101190.07	101221.83	3176.0	31.76	0.00	6	0.00
2025.06.23 13:45:18	1750686318935	101193.87	101225.81	3194.0	31.94	0.00	6	0.00
2025.06.23 13:45:19	1750686319010	101198.07	101229.83	3176.0	31.76	0.00	6	0.00
2025.06.23 13:45:19	1750686319267	101202.67	101234.43	3176.0	31.76	0.00	6	0.00
2025.06.23 13:45:24	1750686324882	101195.21	101230.13	3492.0	34.92	0.00	6	0.00
2025.06.23 13:45:24	1750686324942	101195.17	101226.93	3176.0	31.76	0.00	6	0.00
2025.06.23 13:45:25	1750686325937	101200.97	101232.73	3176.0	31.76	0.00	6	0.00
2025.06.23 13:45:28	1750686328588	101202.67	101234.43	3176.0	31.76	0.00	6	0.00
2025.06.23 13:45:32	1750686332143	101206.57	101238.33	3176.0	31.76	0.00	6	0.00
2025.06.23 13:45:32	1750686332307	101209.07	101240.83	3176.0	31.76	0.00	6	0.00
2025.06.23 13:45:33	1750686333459	101211.07	101242.83	3176.0	31.76	0.00	6	0.00
2025.06.23 13:45:34	1750686334120	101212.97	101244.73	3176.0	31.76	0.00	6	0.00
2025.06.23 13:45:36	1750686336754	101216.67	101249.42	3275.0	32.75	0.00	6	0.00
2025.06.23 13:45:36	1750686336815	101219.97	101251.73	3176.0	31.76	0.00	6	0.00
2025.06.23 13:45:37	1750686337412	101226.87	101258.63	3176.0	31.76	0.00	6	0.00
2025.06.23 13:45:38	1750686338072	101228.07	101259.83	3176.0	31.76	0.00	6	0.00
2025.06.23 13:45:38	1750686338773	101231.27	101263.03	3176.0	31.76	0.00	6	0.00
2025.06.23 13:45:41	1750686341422	101228.07	101259.83	3176.0	31.76	0.00	6	0.00
2025.06.23 13:45:41	1750686341702	101219.97	101251.73	3176.0	31.76	0.00	6	0.00
2025.06.23 13:45:48	1750686348673	101224.97	101256.73	3176.0	31.76	0.00	6	0.00
2025.06.23 13:45:49	1750686349298	101231.17	101262.93	3176.0	31.76	0.00	6	0.00
2025.06.23 13:46:00	1750686360184	101231.17	101262.93	3176.0	31.76	0.00	2	0.00
2025.06.23 13:46:10	1750686370418	101222.67	101254.43	3176.0	31.76	0.00	6	0.00
2025.06.23 13:46:10	1750686370745	101219.97	101251.73	3176.0	31.76	0.00	6	0.00
2025.06.23 13:46:53	1750686413328	101226.47	101260.50	3403.0	34.03	0.00	6	0.00
2025.06.23 13:46:53	1750686413406	101230.47	101262.23	3176.0	31.76	0.00	6	0.00
2025.06.23 13:47:00	1750686420239	101230.47	101262.23	3176.0	31.76	0.00	2	0.00
2025.06.23 13:47:01	1750686421898	101235.87	101267.63	3176.0	31.76	0.00	6	0.00
2025.06.23 13:47:01	1750686421907	101239.07	101270.83	3176.0	31.76	0.00	6	0.00
2025.06.23 13:47:02	1750686422227	101240.37	101272.13	3176.0	31.76	0.00	6	0.00
2025.06.23 13:47:05	1750686425030	101243.27	101275.03	3176.0	31.76	0.00	6	0.00
2025.06.23 13:47:10	1750686430519	101250.87	101282.63	3176.0	31.76	0.00	6	0.00
2025.06.23 13:47:15	1750686435761	101254.87	101286.63	3176.0	31.76	0.00	6	0.00
2025.06.23 13:47:24	1750686444334	101256.17	101287.93	3176.0	31.76	0.00	6	0.00
2025.06.23 13:47:28	1750686448293	101258.47	101290.23	3176.0	31.76	0.00	6	0.00
2025.06.23 13:47:29	1750686449625	101263.67	101295.43	3176.0	31.76	0.00	6	0.00
2025.06.23 13:47:30	1750686450994	101265.67	101297.43	3176.0	31.76	0.00	6	0.00
2025.06.23 13:47:34	1750686454565	101259.37	101291.13	3176.0	31.76	0.00	6	0.00
2025.06.23 13:47:35	1750686455230	101254.27	101286.03	3176.0	31.76	0.00	6	0.00
2025.06.23 13:47:40	1750686460501	101258.27	101290.93	3266.0	32.66	0.00	6	0.00
2025.06.23 13:47:40	1750686460590	101259.37	101291.13	3176.0	31.76	0.00	6	0.00
2025.06.23 13:47:42	1750686462519	101263.97	101295.73	3176.0	31.76	0.00	6	0.00
2025.06.23 13:47:42	1750686462823	101268.27	101300.03	3176.0	31.76	0.00	6	0.00
2025.06.23 13:47:42	1750686462850	101268.27	101300.04	3177.0	31.77	0.00	4	0.00
2025.06.23 13:47:43	1750686463151	101268.27	101300.03	3176.0	31.76	0.00	4	0.00
2025.06.23 13:47:45	1750686465126	101269.07	101300.83	3176.0	31.76	0.00	6	0.00
2025.06.23 13:47:48	1750686468760	101273.37	101305.13	3176.0	31.76	0.00	6	0.00
2025.06.23 13:47:50	1750686470076	101278.17	101309.93	3176.0	31.76	0.00	6	0.00
2025.06.23 13:47:50	1750686470080	101284.07	101315.83	3176.0	31.76	0.00	6	0.00
2025.06.23 13:47:50	1750686470742	101288.27	101320.50	3223.0	32.23	0.00	6	0.00
2025.06.23 13:47:50	1750686470884	101288.27	101320.03	3176.0	31.76	0.00	4	0.00
2025.06.23 13:47:51	1750686471400	101292.77	101325.51	3274.0	32.74	0.00	6	0.00
2025.06.23 13:47:51	1750686471400	101295.87	101327.63	3176.0	31.76	0.00	6	0.00
2025.06.23 13:48:00	1750686480298	101295.87	101327.63	3176.0	31.76	0.00	2	0.00
2025.06.23 13:48:21	1750686501756	101298.47	101330.23	3176.0	31.76	0.00	6	0.00
2025.06.23 13:48:22	1750686502416	101302.57	101334.33	3176.0	31.76	0.00	6	0.00
2025.06.23 13:48:27	1750686507042	101307.87	101339.63	3176.0	31.76	0.00	6	0.00
2025.06.23 13:48:27	1750686507071	101315.37	101347.13	3176.0	31.76	0.00	6	0.00
2025.06.23 13:48:27	1750686507383	101324.07	101355.83	3176.0	31.76	0.00	6	0.00
2025.06.23 13:48:28	1750686508356	101330.67	101362.43	3176.0	31.76	0.00	6	0.00
2025.06.23 13:48:29	1750686509019	101332.37	101364.13	3176.0	31.76	0.00	6	0.00
2025.06.23 13:48:29	1750686509675	101332.37	101365.63	3326.0	33.26	0.00	4	0.00
2025.06.23 13:48:29	1750686509703	101332.37	101365.52	3315.0	33.15	0.00	4	0.00
2025.06.23 13:48:30	1750686510006	101332.37	101365.51	3314.0	33.14	0.00	4	0.00
2025.06.23 13:48:30	1750686510334	101332.37	101365.04	3267.0	32.67	0.00	4	0.00
2025.06.23 13:48:30	1750686510339	101338.97	101370.93	3196.0	31.96	0.00	6	0.00
2025.06.23 13:48:30	1750686510671	101339.17	101370.93	3176.0	31.76	0.00	2	0.00
2025.06.23 13:48:33	1750686513308	101340.27	101372.03	3176.0	31.76	0.00	6	0.00
2025.06.23 13:48:33	1750686513964	101340.77	101372.86	3209.0	32.09	0.00	6	0.00
2025.06.23 13:48:33	1750686513967	101340.77	101372.53	3176.0	31.76	0.00	4	0.00
2025.06.23 13:48:34	1750686514296	101343.07	101374.83	3176.0	31.76	0.00	6	0.00
2025.06.23 13:48:34	1750686514627	101345.07	101376.83	3176.0	31.76	0.00	6	0.00
2025.06.23 13:48:35	1750686515290	101347.97	101379.73	3176.0	31.76	0.00	6	0.00
2025.06.23 13:48:36	1750686516284	101349.47	101381.23	3176.0	31.76	0.00	6	0.00
2025.06.23 13:48:40	1750686520405	101347.97	101379.73	3176.0	31.76	0.00	6	0.00
2025.06.23 13:48:47	1750686527833	101343.17	101374.93	3176.0	31.76	0.00	6	0.00
2025.06.23 13:48:47	1750686527875	101327.62	101365.53	3791.0	37.91	0.00	6	0.00
2025.06.23 13:48:48	1750686528165	101331.47	101363.23	3176.0	31.76	0.00	6	0.00
2025.06.23 13:48:55	1750686535197	101341.07	101375.25	3418.0	34.18	0.00	6	0.00
2025.06.23 13:48:55	1750686535416	101346.57	101378.53	3196.0	31.96	0.00	6	0.00
2025.06.23 13:48:55	1750686535422	101346.77	101378.53	3176.0	31.76	0.00	2	0.00
2025.06.23 13:48:56	1750686536120	101347.97	101379.73	3176.0	31.76	0.00	6	0.00
2025.06.23 13:48:56	1750686536745	101349.47	101381.23	3176.0	31.76	0.00	6	0.00
2025.06.23 13:48:57	1750686537398	101357.07	101388.83	3176.0	31.76	0.00	6	0.00
2025.06.23 13:48:58	1750686538049	101361.07	101392.83	3176.0	31.76	0.00	6	0.00
2025.06.23 13:49:00	1750686540038	101361.07	101392.83	3176.0	31.76	0.00	2	0.00
2025.06.23 13:49:00	1750686540202	101364.07	101395.83	3176.0	31.76	0.00	6	0.00
2025.06.23 13:49:02	1750686542356	101364.67	101396.43	3176.0	31.76	0.00	6	0.00
2025.06.23 13:49:04	1750686544660	101372.07	101403.83	3176.0	31.76	0.00	6	0.00
2025.06.23 13:49:04	1750686544778	101374.57	101406.33	3176.0	31.76	0.00	6	0.00
2025.06.23 13:49:05	1750686545320	101379.67	101411.43	3176.0	31.76	0.00	6	0.00
2025.06.23 13:49:20	1750686560277	101379.57	101411.33	3176.0	31.76	0.00	6	0.00
2025.06.23 13:49:20	1750686560504	101377.77	101409.53	3176.0	31.76	0.00	6	0.00
2025.06.23 13:49:26	1750686566432	101371.57	101403.33	3176.0	31.76	0.00	6	0.00
2025.06.23 13:49:31	1750686571407	101364.67	101396.43	3176.0	31.76	0.00	6	0.00
2025.06.23 13:49:34	1750686574026	101370.07	101402.96	3289.0	32.89	0.00	6	0.00
2025.06.23 13:49:34	1750686574040	101374.67	101409.12	3445.0	34.45	0.00	6	0.00
2025.06.23 13:49:34	1750686574368	101377.37	101409.13	3176.0	31.76	0.00	6	0.00
2025.06.23 13:50:00	1750686600097	101377.37	101409.13	3176.0	31.76	0.00	2	0.00
2025.06.23 13:50:02	1750686602422	101374.67	101406.43	3176.0	31.76	0.00	6	0.00
2025.06.23 13:50:36	1750686636727	101378.97	101410.73	3176.0	31.76	0.00	6	0.00
2025.06.23 13:50:37	1750686637446	101384.67	101416.79	3212.0	32.12	0.00	6	0.00
2025.06.23 13:50:37	1750686637719	101385.57	101417.33	3176.0	31.76	0.00	6	0.00
2025.06.23 13:50:41	1750686641026	101375.47	101407.23	3176.0	31.76	0.00	6	0.00
2025.06.23 13:50:42	1750686642719	101374.67	101406.43	3176.0	31.76	0.00	6	0.00
2025.06.23 13:50:43	1750686643001	101364.97	101396.73	3176.0	31.76	0.00	6	0.00
2025.06.23 13:50:52	1750686652899	101364.97	101396.78	3181.0	31.81	0.00	4	0.00
2025.06.23 13:50:52	1750686652917	101364.97	101396.73	3176.0	31.76	0.00	4	0.00
2025.06.23 13:51:00	1750686660157	101364.97	101396.73	3176.0	31.76	0.00	2	0.00
2025.06.23 13:51:32	1750686692827	101374.17	101405.93	3176.0	31.76	0.00	6	0.00
2025.06.23 13:51:33	1750686693821	101377.47	101411.28	3381.0	33.81	0.00	6	0.00
2025.06.23 13:51:34	1750686694147	101379.47	101411.23	3176.0	31.76	0.00	6	0.00
2025.06.23 13:51:34	1750686694531	101380.87	101412.63	3176.0	31.76	0.00	6	0.00
2025.06.23 13:51:34	1750686694823	101384.87	101416.63	3176.0	31.76	0.00	6	0.00
2025.06.23 13:51:38	1750686698108	101385.47	101417.23	3176.0	31.76	0.00	6	0.00
2025.06.23 13:51:46	1750686706034	101390.07	101421.83	3176.0	31.76	0.00	6	0.00
2025.06.23 13:51:46	1750686706050	101394.37	101426.73	3236.0	32.36	0.00	6	0.00
2025.06.23 13:51:46	1750686706357	101396.07	101427.83	3176.0	31.76	0.00	6	0.00
2025.06.23 13:51:47	1750686707349	101399.97	101431.73	3176.0	31.76	0.00	6	0.00
2025.06.23 13:51:47	1750686707676	101400.27	101432.03	3176.0	31.76	0.00	6	0.00
2025.06.23 13:51:47	1750686707679	101403.97	101435.73	3176.0	31.76	0.00	6	0.00
2025.06.23 13:51:53	1750686713617	101396.67	101428.43	3176.0	31.76	0.00	6	0.00
2025.06.23 13:51:56	1750686716993	101401.67	101433.43	3176.0	31.76	0.00	6	0.00
2025.06.23 13:51:57	1750686717968	101403.67	101435.43	3176.0	31.76	0.00	6	0.00
2025.06.23 13:51:59	1750686719300	101403.77	101435.53	3176.0	31.76	0.00	6	0.00
2025.06.23 13:52:00	1750686720211	101403.77	101435.53	3176.0	31.76	0.00	2	0.00
2025.06.23 13:52:01	1750686721536	101403.87	101435.63	3176.0	31.76	0.00	6	0.00
2025.06.23 13:52:02	1750686722865	101403.97	101435.73	3176.0	31.76	0.00	6	0.00
2025.06.23 13:52:08	1750686728139	101413.97	101445.73	3176.0	31.76	0.00	6	0.00
2025.06.23 13:52:13	1750686733088	101420.87	101452.63	3176.0	31.76	0.00	6	0.00
2025.06.23 13:52:13	1750686733147	101423.17	101454.93	3176.0	31.76	0.00	6	0.00
2025.06.23 13:52:13	1750686733748	101424.57	101456.33	3176.0	31.76	0.00	6	0.00
2025.06.23 13:52:14	1750686734406	101427.07	101458.83	3176.0	31.76	0.00	6	0.00
2025.06.23 13:52:15	1750686735089	101431.17	101462.93	3176.0	31.76	0.00	6	0.00
2025.06.23 13:52:18	1750686738374	101431.37	101463.13	3176.0	31.76	0.00	6	0.00
2025.06.23 13:52:18	1750686738698	101433.77	101465.53	3176.0	31.76	0.00	6	0.00
2025.06.23 13:52:19	1750686739031	101434.07	101465.83	3176.0	31.76	0.00	6	0.00
2025.06.23 13:52:19	1750686739777	101435.57	101467.33	3176.0	31.76	0.00	6	0.00
2025.06.23 13:52:20	1750686740017	101437.47	101469.23	3176.0	31.76	0.00	6	0.00
2025.06.23 13:52:21	1750686741019	101439.77	101471.53	3176.0	31.76	0.00	6	0.00
2025.06.23 13:52:32	1750686752240	101432.47	101464.23	3176.0	31.76	0.00	6	0.00
2025.06.23 13:52:55	1750686775327	101423.60	101455.73	3213.0	32.13	0.00	6	0.00
2025.06.23 13:52:55	1750686775492	101423.67	101455.43	3176.0	31.76	0.00	6	0.00
2025.06.23 13:52:57	1750686777633	101417.47	101449.23	3176.0	31.76	0.00	6	0.00
2025.06.23 13:53:00	1750686780276	101417.47	101449.23	3176.0	31.76	0.00	2	0.00
2025.06.23 13:53:03	1750686783573	101415.07	101446.83	3176.0	31.76	0.00	6	0.00
2025.06.23 13:53:04	1750686784240	101413.97	101445.73	3176.0	31.76	0.00	6	0.00
2025.06.23 13:53:06	1750686786881	101413.47	101445.23	3176.0	31.76	0.00	6	0.00
2025.06.23 13:53:06	1750686786896	101408.67	101440.43	3176.0	31.76	0.00	6	0.00
2025.06.23 13:53:08	1750686788529	101408.45	101440.43	3198.0	31.98	0.00	2	0.00
2025.06.23 13:53:08	1750686788939	101408.46	101440.43	3197.0	31.97	0.00	2	0.00
2025.06.23 13:53:09	1750686789193	101408.67	101440.43	3176.0	31.76	0.00	2	0.00
2025.06.23 13:53:12	1750686792160	101404.17	101435.93	3176.0	31.76	0.00	6	0.00
2025.06.23 13:53:18	1750686798750	101413.87	101445.63	3176.0	31.76	0.00	6	0.00
2025.06.23 13:53:18	1750686798835	101417.17	101449.12	3195.0	31.95	0.00	6	0.00
2025.06.23 13:53:19	1750686799090	101417.17	101448.93	3176.0	31.76	0.00	4	0.00
2025.06.23 13:53:35	1750686815258	101414.17	101445.93	3176.0	31.76	0.00	6	0.00
2025.06.23 13:54:00	1750686840004	101414.17	101445.93	3176.0	31.76	0.00	2	0.00
2025.06.23 13:54:05	1750686845943	101414.27	101446.03	3176.0	31.76	0.00	6	0.00
2025.06.23 13:54:06	1750686846603	101417.17	101448.93	3176.0	31.76	0.00	6	0.00
2025.06.23 13:54:07	1750686847995	101422.27	101455.43	3316.0	33.16	0.00	6	0.00
2025.06.23 13:54:08	1750686848257	101423.67	101455.43	3176.0	31.76	0.00	2	0.00
2025.06.23 13:54:13	1750686853204	101435.57	101467.63	3206.0	32.06	0.00	6	0.00
2025.06.23 13:54:13	1750686853289	101435.87	101467.63	3176.0	31.76	0.00	2	0.00
2025.06.23 13:54:13	1750686853540	101432.67	101464.43	3176.0	31.76	0.00	6	0.00
2025.06.23 13:54:13	1750686853870	101428.17	101459.93	3176.0	31.76	0.00	6	0.00
2025.06.23 13:54:13	1750686853894	101423.67	101455.43	3176.0	31.76	0.00	6	0.00
2025.06.23 13:54:18	1750686858195	101419.67	101451.43	3176.0	31.76	0.00	6	0.00
2025.06.23 13:54:18	1750686858485	101417.17	101448.93	3176.0	31.76	0.00	6	0.00
2025.06.23 13:54:40	1750686880266	101423.67	101456.71	3304.0	33.04	0.00	6	0.00
2025.06.23 13:54:40	1750686880421	101430.17	101461.93	3176.0	31.76	0.00	6	0.00
2025.06.23 13:54:43	1750686883574	101433.77	101465.53	3176.0	31.76	0.00	6	0.00
2025.06.23 13:54:44	1750686884296	101435.87	101467.63	3176.0	31.76	0.00	6	0.00
2025.06.23 13:54:49	1750686889170	101439.67	101471.43	3176.0	31.76	0.00	6	0.00
2025.06.23 13:54:52	1750686892808	101436.07	101467.83	3176.0	31.76	0.00	6	0.00
2025.06.23 13:54:56	1750686896109	101439.37	101471.13	3176.0	31.76	0.00	6	0.00
2025.06.23 13:55:00	1750686900061	101439.37	101471.13	3176.0	31.76	0.00	2	0.00
2025.06.23 13:55:09	1750686909692	101431.27	101463.03	3176.0	31.76	0.00	6	0.00
2025.06.23 13:55:18	1750686918876	101427.37	101459.13	3176.0	31.76	0.00	6	0.00
2025.06.23 13:55:19	1750686919220	101426.27	101458.03	3176.0	31.76	0.00	6	0.00
2025.06.23 13:55:20	1750686920860	101444.07	101475.83	3176.0	31.76	0.00	6	0.00
2025.06.23 13:55:21	1750686921022	101445.57	101477.33	3176.0	31.76	0.00	6	0.00
2025.06.23 13:55:30	1750686930428	101449.57	101481.33	3176.0	31.76	0.00	6	0.00
2025.06.23 13:55:31	1750686931747	101446.67	101478.43	3176.0	31.76	0.00	6	0.00
2025.06.23 13:55:42	1750686942960	101450.07	101481.83	3176.0	31.76	0.00	6	0.00
2025.06.23 13:55:46	1750686946595	101454.37	101486.13	3176.0	31.76	0.00	6	0.00
2025.06.23 13:56:00	1750686960124	101454.37	101486.13	3176.0	31.76	0.00	2	0.00
2025.06.23 13:56:01	1750686961781	101454.67	101486.43	3176.0	31.76	0.00	6	0.00
2025.06.23 13:56:01	1750686961809	101458.17	101489.93	3176.0	31.76	0.00	6	0.00
2025.06.23 13:56:03	1750686963478	101461.97	101494.97	3300.0	33.00	0.00	6	0.00
2025.06.23 13:56:03	1750686963754	101473.17	101504.93	3176.0	31.76	0.00	6	0.00
2025.06.23 13:56:27	1750686987262	101475.17	101506.93	3176.0	31.76	0.00	6	0.00
2025.06.23 13:56:27	1750686987519	101477.67	101509.43	3176.0	31.76	0.00	6	0.00
2025.06.23 13:56:32	1750686992467	101473.57	101505.33	3176.0	31.76	0.00	6	0.00
2025.06.23 13:56:32	1750686992799	101473.17	101504.93	3176.0	31.76	0.00	6	0.00
2025.06.23 13:56:32	1750686992843	101464.87	101496.63	3176.0	31.76	0.00	6	0.00
2025.06.23 13:56:34	1750686994786	101468.57	101500.33	3176.0	31.76	0.00	6	0.00
2025.06.23 13:56:51	1750687011766	101465.07	101496.83	3176.0	31.76	0.00	6	0.00
2025.06.23 13:56:51	1750687011945	101464.97	101496.73	3176.0	31.76	0.00	6	0.00
2025.06.23 13:56:52	1750687012933	101456.57	101488.63	3206.0	32.06	0.00	6	0.00
2025.06.23 13:56:52	1750687012996	101454.47	101486.23	3176.0	31.76	0.00	6	0.00
2025.06.23 13:57:00	1750687020187	101454.47	101486.23	3176.0	31.76	0.00	2	0.00
2025.06.23 13:57:08	1750687028437	101450.37	101482.13	3176.0	31.76	0.00	6	0.00
2025.06.23 13:57:13	1750687033061	101446.17	101477.93	3176.0	31.76	0.00	6	0.00
2025.06.23 13:57:33	1750687053848	101449.57	101481.33	3176.0	31.76	0.00	6	0.00
2025.06.23 13:57:36	1750687056823	101446.37	101478.13	3176.0	31.76	0.00	6	0.00
2025.06.23 13:57:46	1750687066780	101449.37	101481.13	3176.0	31.76	0.00	6	0.00
2025.06.23 13:57:47	1750687067380	101449.57	101481.33	3176.0	31.76	0.00	6	0.00
2025.06.23 13:57:47	1750687067394	101453.57	101485.33	3176.0	31.76	0.00	6	0.00
2025.06.23 13:57:56	1750687076292	101450.77	101482.53	3176.0	31.76	0.00	6	0.00
2025.06.23 13:57:57	1750687077612	101446.18	101478.13	3195.0	31.95	0.00	6	0.00
2025.06.23 13:57:57	1750687077656	101446.17	101477.93	3176.0	31.76	0.00	6	0.00
2025.06.23 13:58:00	1750687080254	101446.17	101477.93	3176.0	31.76	0.00	2	0.00
2025.06.23 13:58:04	1750687084954	101450.27	101482.03	3176.0	31.76	0.00	6	0.00
2025.06.23 13:58:27	1750687107969	101446.17	101477.93	3176.0	31.76	0.00	6	0.00
2025.06.23 13:58:29	1750687109619	101441.27	101473.03	3176.0	31.76	0.00	6	0.00
2025.06.23 13:58:36	1750687116547	101443.87	101475.63	3176.0	31.76	0.00	6	0.00
2025.06.23 13:58:52	1750687132061	101438.47	101470.23	3176.0	31.76	0.00	6	0.00
2025.06.23 13:58:57	1750687137995	101434.17	101465.93	3176.0	31.76	0.00	6	0.00
2025.06.23 13:59:00	1750687140037	101434.17	101465.93	3176.0	31.76	0.00	2	0.00
2025.06.23 13:59:01	1750687141984	101429.66	101461.73	3207.0	32.07	0.00	6	0.00
2025.06.23 13:59:02	1750687142292	101429.97	101461.73	3176.0	31.76	0.00	2	0.00
2025.06.23 13:59:02	1750687142302	101429.47	101461.23	3176.0	31.76	0.00	6	0.00
2025.06.23 13:59:02	1750687142677	101428.47	101460.23	3176.0	31.76	0.00	6	0.00
2025.06.23 13:59:02	1750687142967	101428.37	101460.13	3176.0	31.76	0.00	6	0.00
2025.06.23 13:59:03	1750687143640	101428.30	101460.13	3183.0	31.83	0.00	2	0.00
2025.06.23 13:59:03	1750687143705	101427.17	101458.93	3176.0	31.76	0.00	6	0.00
2025.06.23 13:59:03	1750687143949	101425.77	101457.53	3176.0	31.76	0.00	6	0.00
2025.06.23 13:59:05	1750687145262	101424.68	101457.53	3285.0	32.85	0.00	2	0.00
2025.06.23 13:59:05	1750687145593	101424.57	101456.33	3176.0	31.76	0.00	6	0.00
2025.06.23 13:59:05	1750687145919	101422.51	101454.93	3242.0	32.42	0.00	6	0.00
2025.06.23 13:59:05	1750687145925	101423.17	101454.93	3176.0	31.76	0.00	2	0.00
2025.06.23 13:59:06	1750687146251	101422.52	101454.93	3241.0	32.41	0.00	2	0.00
2025.06.23 13:59:06	1750687146576	101423.17	101454.93	3176.0	31.76	0.00	2	0.00
2025.06.23 13:59:12	1750687152521	101417.07	101448.83	3176.0	31.76	0.00	6	0.00
2025.06.23 13:59:16	1750687156147	101416.97	101448.73	3176.0	31.76	0.00	6	0.00
2025.06.23 13:59:16	1750687156542	101415.94	101448.73	3279.0	32.79	0.00	2	0.00
2025.06.23 13:59:16	1750687156868	101415.95	101448.73	3278.0	32.78	0.00	2	0.00
2025.06.23 13:59:17	1750687157140	101416.97	101448.73	3176.0	31.76	0.00	2	0.00
2025.06.23 13:59:20	1750687160105	101407.97	101439.73	3176.0	31.76	0.00	6	0.00
2025.06.23 13:59:20	1750687160442	101407.37	101439.13	3176.0	31.76	0.00	6	0.00
2025.06.23 13:59:23	1750687163408	101406.98	101439.03	3205.0	32.05	0.00	6	0.00
2025.06.23 13:59:23	1750687163741	101405.89	101437.73	3184.0	31.84	0.00	6	0.00
2025.06.23 13:59:23	1750687163777	101405.90	101437.73	3183.0	31.83	0.00	2	0.00
2025.06.23 13:59:24	1750687164067	101405.80	101437.73	3193.0	31.93	0.00	2	0.00
2025.06.23 13:59:24	1750687164073	101405.97	101437.73	3176.0	31.76	0.00	2	0.00
2025.06.23 13:59:26	1750687166102	101396.17	101427.93	3176.0	31.76	0.00	6	0.00
2025.06.23 13:59:27	1750687167366	101401.37	101433.13	3176.0	31.76	0.00	6	0.00
2025.06.23 13:59:28	1750687168053	101405.67	101437.43	3176.0	31.76	0.00	6	0.00
2025.06.23 14:00:00	1750687200035	101405.67	101437.43	3176.0	31.76	0.00	2	0.00
2025.06.23 14:00:00	1750687200698	101414.57	101446.33	3176.0	31.76	0.00	6	0.00
2025.06.23 14:00:00	1750687200704	101422.27	101454.03	3176.0	31.76	0.00	6	0.00
2025.06.23 14:00:02	1750687202347	101429.07	101460.83	3176.0	31.76	0.00	6	0.00
2025.06.23 14:00:26	1750687226435	101433.27	101465.03	3176.0	31.76	0.00	6	0.00
2025.06.23 14:00:29	1750687229741	101437.17	101468.93	3176.0	31.76	0.00	6	0.00
2025.06.23 14:00:29	1750687229758	101442.87	101474.63	3176.0	31.76	0.00	6	0.00
2025.06.23 14:00:30	1750687230066	101448.97	101480.73	3176.0	31.76	0.00	6	0.00
2025.06.23 14:00:31	1750687231721	101452.17	101483.93	3176.0	31.76	0.00	6	0.00
2025.06.23 14:00:33	1750687233110	101457.67	101489.43	3176.0	31.76	0.00	6	0.00
2025.06.23 14:00:51	1750687251516	101464.77	101496.53	3176.0	31.76	0.00	6	0.00
2025.06.23 14:01:00	1750687260100	101464.77	101496.53	3176.0	31.76	0.00	2	0.00
2025.06.23 14:01:03	1750687263392	101468.37	101500.13	3176.0	31.76	0.00	6	0.00
2025.06.23 14:01:08	1750687268016	101464.87	101496.63	3176.0	31.76	0.00	6	0.00
2025.06.23 14:01:12	1750687272644	101468.27	101500.03	3176.0	31.76	0.00	6	0.00
2025.06.23 14:01:16	1750687276592	101470.47	101502.23	3176.0	31.76	0.00	6	0.00
2025.06.23 14:01:18	1750687278574	101473.37	101505.13	3176.0	31.76	0.00	6	0.00
2025.06.23 14:01:22	1750687282538	101475.67	101507.43	3176.0	31.76	0.00	6	0.00
2025.06.23 14:01:22	1750687282860	101478.67	101510.43	3176.0	31.76	0.00	6	0.00
2025.06.23 14:01:38	1750687298704	101473.37	101505.13	3176.0	31.76	0.00	6	0.00
2025.06.23 14:01:40	1750687300099	101475.57	101509.71	3414.0	34.14	0.00	6	0.00
2025.06.23 14:01:40	1750687300364	101478.27	101510.03	3176.0	31.76	0.00	6	0.00
2025.06.23 14:01:41	1750687301732	101482.17	101513.93	3176.0	31.76	0.00	6	0.00
2025.06.23 14:01:55	1750687315538	101484.07	101515.83	3176.0	31.76	0.00	6	0.00
2025.06.23 14:01:55	1750687315592	101494.97	101529.87	3490.0	34.90	0.00	6	0.00
2025.06.23 14:01:55	1750687315867	101495.27	101527.03	3176.0	31.76	0.00	6	0.00
2025.06.23 14:01:56	1750687316203	101502.57	101534.33	3176.0	31.76	0.00	6	0.00
2025.06.23 14:01:57	1750687317517	101495.27	101527.03	3176.0	31.76	0.00	6	0.00
2025.06.23 14:01:57	1750687317846	101484.27	101516.03	3176.0	31.76	0.00	6	0.00
2025.06.23 14:02:00	1750687320152	101484.27	101516.03	3176.0	31.76	0.00	2	0.00
2025.06.23 14:02:15	1750687335352	101488.57	101520.33	3176.0	31.76	0.00	6	0.00
2025.06.23 14:02:21	1750687341282	101490.47	101522.23	3176.0	31.76	0.00	6	0.00
2025.06.23 14:02:29	1750687349338	101492.37	101524.13	3176.0	31.76	0.00	6	0.00
2025.06.23 14:02:30	1750687350553	101499.17	101530.93	3176.0	31.76	0.00	6	0.00
2025.06.23 14:02:32	1750687352165	101495.07	101526.83	3176.0	31.76	0.00	6	0.00
2025.06.23 14:02:33	1750687353211	101502.97	101534.73	3176.0	31.76	0.00	6	0.00
2025.06.23 14:02:36	1750687356135	101509.77	101541.53	3176.0	31.76	0.00	6	0.00
2025.06.23 14:02:42	1750687362727	101511.67	101543.43	3176.0	31.76	0.00	6	0.00
2025.06.23 14:02:43	1750687363070	101517.17	101548.93	3176.0	31.76	0.00	6	0.00
2025.06.23 14:02:55	1750687375604	101509.77	101544.23	3446.0	34.46	0.00	6	0.00
2025.06.23 14:02:55	1750687375928	101495.57	101527.33	3176.0	31.76	0.00	6	0.00
2025.06.23 14:02:56	1750687376003	101480.17	101511.93	3176.0	31.76	0.00	6	0.00
2025.06.23 14:03:00	1750687380218	101480.17	101511.93	3176.0	31.76	0.00	2	0.00
2025.06.23 14:03:01	1750687381210	101484.77	101516.53	3176.0	31.76	0.00	6	0.00
2025.06.23 14:03:36	1750687416844	101459.87	101491.73	3186.0	31.86	0.00	6	0.00
2025.06.23 14:03:36	1750687416918	101454.77	101488.73	3396.0	33.96	0.00	6	0.00
2025.06.23 14:03:37	1750687417177	101439.03	101474.43	3540.0	35.40	0.00	6	0.00
2025.06.23 14:03:37	1750687417231	101429.28	101464.83	3555.0	35.55	0.00	6	0.00
2025.06.23 14:03:37	1750687417512	101425.78	101458.53	3275.0	32.75	0.00	6	0.00
2025.06.23 14:03:37	1750687417545	101417.32	101454.73	3741.0	37.41	0.00	6	0.00
2025.06.23 14:03:37	1750687417843	101414.17	101445.93	3176.0	31.76	0.00	6	0.00
2025.06.23 14:03:38	1750687418168	101421.67	101453.43	3176.0	31.76	0.00	6	0.00
2025.06.23 14:03:39	1750687419824	101425.87	101457.63	3176.0	31.76	0.00	6	0.00
2025.06.23 14:03:44	1750687424131	101412.22	101445.93	3371.0	33.71	0.00	6	0.00
2025.06.23 14:03:44	1750687424435	101414.17	101445.93	3176.0	31.76	0.00	2	0.00
2025.06.23 14:03:45	1750687425094	101411.17	101442.93	3176.0	31.76	0.00	6	0.00
2025.06.23 14:03:45	1750687425426	101408.07	101440.33	3226.0	32.26	0.00	6	0.00
2025.06.23 14:03:45	1750687425555	101408.07	101439.83	3176.0	31.76	0.00	4	0.00
2025.06.23 14:03:49	1750687429745	101403.97	101435.73	3176.0	31.76	0.00	6	0.00
2025.06.23 14:03:50	1750687430707	101412.67	101444.43	3176.0	31.76	0.00	6	0.00
2025.06.23 14:03:50	1750687430772	101419.87	101452.13	3226.0	32.26	0.00	6	0.00
2025.06.23 14:03:51	1750687431034	101420.37	101452.13	3176.0	31.76	0.00	2	0.00
2025.06.23 14:03:52	1750687432025	101424.97	101456.73	3176.0	31.76	0.00	6	0.00
2025.06.23 14:04:00	1750687440279	101424.97	101456.73	3176.0	31.76	0.00	2	0.00
2025.06.23 14:04:01	1750687441601	101421.47	101453.23	3176.0	31.76	0.00	6	0.00
2025.06.23 14:04:07	1750687447217	101421.57	101453.33	3176.0	31.76	0.00	6	0.00
2025.06.23 14:04:07	1750687447538	101432.87	101464.63	3176.0	31.76	0.00	6	0.00
2025.06.23 14:04:07	1750687447906	101441.87	101473.63	3176.0	31.76	0.00	6	0.00
2025.06.23 14:04:14	1750687454469	101445.57	101477.33	3176.0	31.76	0.00	6	0.00
2025.06.23 14:04:15	1750687455550	101445.87	101478.62	3275.0	32.75	0.00	6	0.00
2025.06.23 14:04:15	1750687455787	101452.47	101484.23	3176.0	31.76	0.00	6	0.00
2025.06.23 14:04:15	1750687455865	101458.47	101490.71	3224.0	32.24	0.00	6	0.00
2025.06.23 14:04:16	1750687456122	101458.47	101490.23	3176.0	31.76	0.00	4	0.00
2025.06.23 14:04:16	1750687456780	101461.57	101493.33	3176.0	31.76	0.00	6	0.00
2025.06.23 14:04:20	1750687460416	101469.17	101500.93	3176.0	31.76	0.00	6	0.00
2025.06.23 14:04:21	1750687461397	101473.77	101505.53	3176.0	31.76	0.00	6	0.00
2025.06.23 14:04:30	1750687470637	101465.58	101501.63	3605.0	36.05	0.00	6	0.00
2025.06.23 14:04:30	1750687470733	101462.58	101494.93	3235.0	32.35	0.00	6	0.00
2025.06.23 14:04:30	1750687470968	101459.27	101491.03	3176.0	31.76	0.00	6	0.00
2025.06.23 14:04:32	1750687472617	101448.09	101482.53	3444.0	34.44	0.00	6	0.00
2025.06.23 14:04:32	1750687472664	101448.57	101480.33	3176.0	31.76	0.00	6	0.00
2025.06.23 14:04:33	1750687473611	101443.97	101475.73	3176.0	31.76	0.00	6	0.00
2025.06.23 14:04:41	1750687481246	101448.37	101480.13	3176.0	31.76	0.00	6	0.00
2025.06.23 14:04:42	1750687482852	101455.67	101487.43	3176.0	31.76	0.00	6	0.00
2025.06.23 14:04:45	1750687485490	101460.07	101491.83	3176.0	31.76	0.00	6	0.00
2025.06.23 14:04:49	1750687489116	101455.77	101487.53	3176.0	31.76	0.00	6	0.00
2025.06.23 14:04:51	1750687491760	101453.37	101485.13	3176.0	31.76	0.00	6	0.00
2025.06.23 14:04:59	1750687499673	101452.07	101483.93	3186.0	31.86	0.00	6	0.00
2025.06.23 14:04:59	1750687499678	101448.37	101480.13	3176.0	31.76	0.00	6	0.00
2025.06.23 14:05:00	1750687500007	101448.37	101480.13	3176.0	31.76	0.00	2	0.00
2025.06.23 14:05:00	1750687500666	101434.27	101466.13	3186.0	31.86	0.00	6	0.00
2025.06.23 14:05:00	1750687500724	101430.45	101462.23	3178.0	31.78	0.00	6	0.00
2025.06.23 14:05:01	1750687501002	101430.39	101462.23	3184.0	31.84	0.00	2	0.00
2025.06.23 14:05:01	1750687501094	101429.26	101462.23	3297.0	32.97	0.00	2	0.00
2025.06.23 14:05:01	1750687501330	101427.97	101459.73	3176.0	31.76	0.00	6	0.00
2025.06.23 14:05:01	1750687501398	101417.87	101449.63	3176.0	31.76	0.00	6	0.00
2025.06.23 14:05:01	1750687501653	101413.67	101445.43	3176.0	31.76	0.00	6	0.00
2025.06.23 14:05:01	1750687501702	101409.97	101441.73	3176.0	31.76	0.00	6	0.00
2025.06.23 14:05:02	1750687502653	101405.97	101437.73	3176.0	31.76	0.00	6	0.00
2025.06.23 14:05:02	1750687502982	101403.98	101435.93	3195.0	31.95	0.00	6	0.00
2025.06.23 14:05:03	1750687503305	101404.17	101435.93	3176.0	31.76	0.00	2	0.00
2025.06.23 14:05:06	1750687506605	101399.47	101431.23	3176.0	31.76	0.00	6	0.00
2025.06.23 14:05:08	1750687508586	101387.22	101426.33	3911.0	39.11	0.00	6	0.00
2025.06.23 14:05:08	1750687508616	101380.92	101418.93	3801.0	38.01	0.00	6	0.00
2025.06.23 14:05:08	1750687508919	101371.97	101403.73	3176.0	31.76	0.00	6	0.00
2025.06.23 14:05:10	1750687510910	101369.07	101400.83	3176.0	31.76	0.00	6	0.00
2025.06.23 14:05:10	1750687510947	101368.37	101400.13	3176.0	31.76	0.00	6	0.00
2025.06.23 14:05:11	1750687511250	101364.87	101396.63	3176.0	31.76	0.00	6	0.00
2025.06.23 14:05:14	1750687514203	101364.77	101396.53	3176.0	31.76	0.00	6	0.00
2025.06.23 14:05:16	1750687516174	101359.76	101393.13	3337.0	33.37	0.00	6	0.00
2025.06.23 14:05:16	1750687516288	101359.59	101391.73	3214.0	32.14	0.00	6	0.00
2025.06.23 14:05:16	1750687516506	101359.57	101391.33	3176.0	31.76	0.00	6	0.00
2025.06.23 14:05:17	1750687517167	101355.77	101387.53	3176.0	31.76	0.00	6	0.00
2025.06.23 14:05:17	1750687517171	101352.97	101384.83	3186.0	31.86	0.00	6	0.00
2025.06.23 14:05:17	1750687517501	101350.97	101382.73	3176.0	31.76	0.00	6	0.00
2025.06.23 14:05:21	1750687521132	101347.97	101379.73	3176.0	31.76	0.00	6	0.00
2025.06.23 14:05:21	1750687521455	101340.77	101372.53	3176.0	31.76	0.00	6	0.00
2025.06.23 14:05:21	1750687521531	101330.27	101362.03	3176.0	31.76	0.00	6	0.00
2025.06.23 14:05:22	1750687522155	101328.57	101360.33	3176.0	31.76	0.00	6	0.00
2025.06.23 14:05:24	1750687524178	101337.87	101369.63	3176.0	31.76	0.00	6	0.00
2025.06.23 14:05:24	1750687524423	101341.67	101373.43	3176.0	31.76	0.00	6	0.00
2025.06.23 14:05:25	1750687525418	101329.37	101361.13	3176.0	31.76	0.00	6	0.00
2025.06.23 14:05:25	1750687525746	101324.57	101356.33	3176.0	31.76	0.00	6	0.00
2025.06.23 14:05:28	1750687528055	101327.57	101363.05	3548.0	35.48	0.00	6	0.00
2025.06.23 14:05:28	1750687528144	101331.37	101363.13	3176.0	31.76	0.00	6	0.00
2025.06.23 14:05:32	1750687532348	101324.41	101356.53	3212.0	32.12	0.00	6	0.00
2025.06.23 14:05:32	1750687532434	101324.27	101356.03	3176.0	31.76	0.00	6	0.00
2025.06.23 14:05:34	1750687534065	101323.57	101355.33	3176.0	31.76	0.00	6	0.00
2025.06.23 14:05:37	1750687537701	101317.47	101349.23	3176.0	31.76	0.00	6	0.00
2025.06.23 14:05:39	1750687539938	101317.17	101348.93	3176.0	31.76	0.00	6	0.00
2025.06.23 14:05:49	1750687549509	101317.07	101348.83	3176.0	31.76	0.00	6	0.00
2025.06.23 14:05:57	1750687557756	101323.57	101355.33	3176.0	31.76	0.00	6	0.00
2025.06.23 14:05:59	1750687559165	101326.87	101360.40	3353.0	33.53	0.00	6	0.00
2025.06.23 14:05:59	1750687559417	101332.67	101366.18	3351.0	33.51	0.00	6	0.00
2025.06.23 14:05:59	1750687559491	101332.87	101364.63	3176.0	31.76	0.00	6	0.00
2025.06.23 14:06:00	1750687560066	101332.87	101364.63	3176.0	31.76	0.00	2	0.00
2025.06.23 14:06:00	1750687560471	101334.67	101366.86	3219.0	32.19	0.00	6	0.00
2025.06.23 14:06:00	1750687560731	101338.97	101370.73	3176.0	31.76	0.00	6	0.00
2025.06.23 14:06:01	1750687561721	101341.57	101373.33	3176.0	31.76	0.00	6	0.00
2025.06.23 14:06:06	1750687566005	101350.87	101382.63	3176.0	31.76	0.00	6	0.00
2025.06.23 14:06:10	1750687570033	101344.17	101375.93	3176.0	31.76	0.00	6	0.00
2025.06.23 14:06:11	1750687571287	101344.07	101375.83	3176.0	31.76	0.00	6	0.00
2025.06.23 14:06:13	1750687573928	101349.67	101381.43	3176.0	31.76	0.00	6	0.00
2025.06.23 14:06:23	1750687583201	101349.87	101381.63	3176.0	31.76	0.00	6	0.00
2025.06.23 14:06:24	1750687584151	101349.67	101381.43	3176.0	31.76	0.00	6	0.00
2025.06.23 14:06:24	1750687584218	101344.07	101375.83	3176.0	31.76	0.00	6	0.00
2025.06.23 14:06:32	1750687592409	101335.57	101367.33	3176.0	31.76	0.00	6	0.00
2025.06.23 14:06:32	1750687592737	101326.47	101358.23	3176.0	31.76	0.00	6	0.00
2025.06.23 14:06:33	1750687593067	101322.17	101353.93	3176.0	31.76	0.00	6	0.00
2025.06.23 14:06:34	1750687594389	101317.17	101348.93	3176.0	31.76	0.00	6	0.00
2025.06.23 14:06:36	1750687596366	101315.47	101347.23	3176.0	31.76	0.00	6	0.00
2025.06.23 14:06:37	1750687597025	101314.17	101345.93	3176.0	31.76	0.00	6	0.00
2025.06.23 14:06:39	1750687599339	101316.77	101348.53	3176.0	31.76	0.00	6	0.00
2025.06.23 14:06:41	1750687601649	101319.07	101350.83	3176.0	31.76	0.00	6	0.00
2025.06.23 14:06:42	1750687602978	101323.77	101355.53	3176.0	31.76	0.00	6	0.00
2025.06.23 14:06:54	1750687614517	101335.07	101366.83	3176.0	31.76	0.00	6	0.00
2025.06.23 14:06:55	1750687615836	101330.07	101361.83	3176.0	31.76	0.00	6	0.00
2025.06.23 14:06:56	1750687616162	101323.77	101355.53	3176.0	31.76	0.00	6	0.00
2025.06.23 14:07:00	1750687620124	101323.77	101355.53	3176.0	31.76	0.00	2	0.00
2025.06.23 14:07:14	1750687634321	101316.77	101348.53	3176.0	31.76	0.00	6	0.00
2025.06.23 14:07:16	1750687636673	101316.72	101348.53	3181.0	31.81	0.00	2	0.00
2025.06.23 14:07:16	1750687636955	101309.27	101341.03	3176.0	31.76	0.00	6	0.00
2025.06.23 14:07:20	1750687640639	101309.47	101341.23	3176.0	31.76	0.00	6	0.00
2025.06.23 14:07:27	1750687647510	101316.47	101348.23	3176.0	31.76	0.00	6	0.00
2025.06.23 14:07:27	1750687647603	101316.77	101348.53	3176.0	31.76	0.00	6	0.00
2025.06.23 14:07:32	1750687652793	101311.67	101343.43	3176.0	31.76	0.00	6	0.00
2025.06.23 14:07:42	1750687662375	101316.67	101348.43	3176.0	31.76	0.00	6	0.00
2025.06.23 14:07:42	1750687662760	101317.07	101348.83	3176.0	31.76	0.00	6	0.00
2025.06.23 14:07:53	1750687673586	101311.67	101343.43	3176.0	31.76	0.00	6	0.00
2025.06.23 14:07:55	1750687675567	101311.57	101343.33	3176.0	31.76	0.00	6	0.00
2025.06.23 14:08:00	1750687680185	101311.57	101343.33	3176.0	31.76	0.00	2	0.00
2025.06.23 14:08:01	1750687681177	101317.07	101348.83	3176.0	31.76	0.00	6	0.00
2025.06.23 14:08:01	1750687681512	101324.27	101359.19	3492.0	34.92	0.00	6	0.00
2025.06.23 14:08:01	1750687681546	101325.07	101356.83	3176.0	31.76	0.00	6	0.00
2025.06.23 14:08:02	1750687682175	101325.07	101357.71	3264.0	32.64	0.00	4	0.00
2025.06.23 14:08:02	1750687682175	101325.07	101357.57	3250.0	32.50	0.00	4	0.00
2025.06.23 14:08:02	1750687682496	101327.57	101359.33	3176.0	31.76	0.00	6	0.00
2025.06.23 14:08:05	1750687685140	101320.97	101352.73	3176.0	31.76	0.00	6	0.00
2025.06.23 14:08:06	1750687686463	101311.57	101343.33	3176.0	31.76	0.00	6	0.00
2025.06.23 14:08:12	1750687692397	101306.25	101338.73	3248.0	32.48	0.00	6	0.00
2025.06.23 14:08:12	1750687692526	101306.97	101338.73	3176.0	31.76	0.00	2	0.00
2025.06.23 14:08:14	1750687694047	101304.77	101336.53	3176.0	31.76	0.00	6	0.00
2025.06.23 14:08:19	1750687699325	101304.27	101336.03	3176.0	31.76	0.00	6	0.00
2025.06.23 14:08:24	1750687704275	101304.17	101335.93	3176.0	31.76	0.00	6	0.00
2025.06.23 14:08:42	1750687722425	101311.57	101343.33	3176.0	31.76	0.00	6	0.00
2025.06.23 14:08:49	1750687729688	101324.37	101357.73	3336.0	33.36	0.00	6	0.00
2025.06.23 14:08:49	1750687729693	101330.77	101362.83	3206.0	32.06	0.00	6	0.00
2025.06.23 14:08:50	1750687730016	101331.67	101363.43	3176.0	31.76	0.00	6	0.00
2025.06.23 14:08:51	1750687731003	101325.47	101357.23	3176.0	31.76	0.00	6	0.00
2025.06.23 14:08:53	1750687733976	101323.97	101355.73	3176.0	31.76	0.00	6	0.00
2025.06.23 14:09:00	1750687740242	101323.97	101355.73	3176.0	31.76	0.00	2	0.00
2025.06.23 14:09:19	1750687759389	101324.07	101355.83	3176.0	31.76	0.00	6	0.00
2025.06.23 14:09:19	1750687759720	101330.97	101362.73	3176.0	31.76	0.00	6	0.00
2025.06.23 14:09:43	1750687783826	101334.07	101365.83	3176.0	31.76	0.00	6	0.00
2025.06.23 14:09:44	1750687784640	101334.17	101367.90	3373.0	33.73	0.00	6	0.00
2025.06.23 14:09:44	1750687784798	101336.97	101371.92	3495.0	34.95	0.00	6	0.00
2025.06.23 14:09:44	1750687784940	101336.97	101368.73	3176.0	31.76	0.00	4	0.00
2025.06.23 14:09:51	1750687791730	101330.97	101362.73	3176.0	31.76	0.00	6	0.00
2025.06.23 14:10:00	1750687800055	101330.97	101362.73	3176.0	31.76	0.00	2	0.00
